1650 2727
146 271 189 304 V.
221 271 387 304 Docentes
416 270 500 303 bona
526 269 649 313 facere,

220 319 392 353 Mundana
418 329 501 352 vana
529 318 653 363 fugere,

272 369 337 402 Pro
364 367 496 401 Christo
520 369 607 401 mala
633 369 713 410 pati.

160 456 194 490 3.
221 455 345 489 Intima
369 454 464 487 brevi
491 459 639 496 tempore

270 503 401 537 Christo
429 503 636 536 foenerantes

219 553 264 586 Et
292 562 363 585 cum
392 553 493 585 multo
521 552 654 586 foenore

267 601 410 634 Lucrum
439 602 652 642 deportantes

221 652 260 684 In
287 652 483 691 promissum
510 650 665 692 gaudium

266 699 398 732 Intrant
423 700 612 742 gloriantes,
640 717 687 723 —-

145 744 188 781 V.
218 749 244 782 Ο
271 757 366 789 quam
395 747 475 780 felix
503 749 718 782 comercium!
748 768 793 772 —

220 797 285 830 Pro
310 797 450 830 terrenis
477 797 666 830 caelestium

270 846 383 887 Regna
410 851 657 882 commutantes.

278 993 324 1025 In
351 995 385 1027 2.
413 993 657 1027 Nocturno.

365 1070 566 1107 Antiphonae.

159 1160 192 1193 1.
220 1158 402 1192 Laetentur
427 1160 460 1191 in
488 1164 531 1202 te,
560 1159 709 1199 Domine,

268 1208 390 1251 Sancti,
419 1218 499 1249 quos
529 1209 582 1241 hic
608 1209 772 1242 inhabitas

214 1257 260 1290 Et
284 1266 364 1297 quos
391 1261 526 1290 aeterno
552 1258 673 1291 lumine

265 1306 336 1338 Tua
362 1307 469 1348 replet
495 1308 681 1341 aeternitas,

155 1395 188 1428 2.
216 1394 366 1427 Militans
394 1395 533 1428 eeclesia

267 1442 406 1476 Sanctos
433 1443 486 1476 hic
514 1445 661 1488 honorat,

214 1493 301 1534 Quos
328 1492 477 1525 Christus
502 1494 535 1526 in
561 1494 667 1534 gloria.

263 1540 391 1574 Corona
419 1542 562 1575 decorat.

152 1630 186 1664 3.
213 1629 278 1662 Hic
304 1629 359 1670 qui
385 1629 455 1662 sine
479 1630 606 1663 macula

263 1677 400 1712 Sanctos
427 1679 645 1720 honorabunt,

213 1727 283 1760 Tua
311 1727 535 1769 tabernacula,

261 1776 361 1820 Deus,
390 1777 593 1812 habitabunt.

353 1885 567 1920 Responsoria.

149 1945 182 1980 1.
209 1943 346 1979 Adflicti
373 1945 577 1987 paenitentia

210 1994 328 2029 Carnis
356 1995 504 2028 vicerunt
533 1995 614 2029 vitia

257 2043 424 2085 Despecto
449 2045 562 2078 mundi
589 2043 680 2087 flore,

208 2093 388 2128 Cesserunt
415 2093 465 2126 his
493 2094 677 2135 daemonia,

209 2142 414 2185 spreverunt
439 2144 636 2185 temporalia

256 2193 294 2226 In
321 2193 458 2234 spiritus
480 2194 612 2227 ardore.

130 2237 175 2278 V.
202 2242 255 2276 Ex
280 2241 342 2274 bac
368 2243 456 2275 trina.
481 2243 622 2276 victoria

204 2291 414 2326 Coronantur
440 2292 472 2324 in
499 2294 607 2334 gloria

250 2341 295 2374 Et
323 2337 500 2387 [maximo]
526 2343 661 2375 honore.

141 2431 176 2466 2.
203 2431 243 2465 In
269 2431 439 2473 praesenti
465 2431 614 2472 periculo

206 2479 375 2515 Ferebant
401 2481 435 2514 in
462 2480 640 2523 propatulo

249 2530 420 2564 Lacernae
445 2529 646 2573 sanctitatis,

798 173 868 210 173
917 192 966 198 -

934 271 1130 311 Exemplum
1157 271 1273 303 dantes
1299 271 1422 312 populo

933 319 1140 359 Lumbosqne
1167 328 1242 351 snos
1270 319 1399 360 cingulo

982 368 1163 400 Praecincti
1193 369 1364 400 castitatis.

859 417 895 448 V.
931 417 1061 450 Christo
1089 416 1249 448 vacabant
1275 416 1390 448 sedulo

931 465 974 498 Et
1000 465 1158 506 proximis
1185 466 1218 497 in
1246 465 1357 497 osculo

979 514 1114 546 Mutuae
1141 514 1299 546 caritatis.

869 603 902 636 3.
931 603 995 634 Per
1021 602 1155 633 istorum
1184 602 1372 643 precamina

929 649 1052 683 Nostra
1079 649 1190 682 delere
1217 651 1364 688 crimina,

979 698 1132 732 Salvator
1158 700 1281 739 mundi,
1311 700 1403 733 velis.

930 747 1025 780 Vitae
1052 751 1184 781 nostrae
1212 748 1412 792 discrimina,

929 797 1000 830 Tua
1027 798 1148 829 virtute
1176 798 1325 839 termina,

977 846 1148 878 Protector
1174 847 1326 889 Israeli53

855 895 897 928 V.
933 895 1070 929 Reiecta
1098 897 1205 929 carnis
1233 897 1362 929 sarcina

928 944 1181 977 Transferamur
1206 945 1248 978 ad
1275 947 1406 987 agmina

977 993 1151 1026 Beatorurn
1179 995 1211 1026 in
1237 996 1345 1029 caelis.

990 1140 1036 1172 In
1065 1143 1098 1176 3,
1125 1141 1361 1175 Nocturno.

1075 1220 1276 1254 Autiphonae.

867 1306 898 1341 1.
927 1308 977 1340 Tu
1003 1309 1125 1340 sanctis
1153 1318 1197 1347 es„
1226 1308 1377 1347 Domine,

977 1356 1056 1389 Pars
1084 1358 1287 1396 hereditatis,

924 1405 1026 1438 Totus
1054 1416 1126 1439 cum
1153 1407 1340 1449 dulcedine,

979 1455 1117 1488 sori-ens
1146 1457 1334 1497 voluptatiS.

861 1544 895 1577 2.
925 1544 1120 1577 Sanctorum
1147 1545 1315 1584 generatio

973 1592 1139 1625 Christum
1154 1598 1315 1634 quaerunt
1330 1599 1360 1626 et
1372 1595 1487 1628 sitiunt

922 1642 1083 1675 Mundum
1110 1642 1229 1676 habent
1258 1642 1392 1676 fastidio

972 1691 1027 1732 Et,
1034 1701 1116 1732 quae
1124 1701 1252 1725 sursum
1259 1698 1345 1737 sunt,
1354 1693 1498 1734 sapiunt.

1491 1623 1498 1638 5

861 1780 894 1814 3.
923 1779 1118 1813 Sanctorum
1143 1781 1299 1821 suffragio

971 1829 1074 1862 Tecta
1099 1834 1176 1862 sunt
1201 1836 1349 1874 peccata,

924 1878 974 1911 Ne
1000 1879 1065 1911 sint
1092 1880 1124 1911 in
1153 1880 1275 1912 iudicio

971 1927 1104 1961 Cunctis
1131 1931 1287 1965 revelata.

1059 2027 1273 2062 Responsoria.

859 2087 891 2120 1.
921 2086 955 2120 Si
982 2096 1112 2119 narrem
1143 2088 1311 2127 miracula,

970 2135 1147 2169 Narrando
1175 2137 1333 2171 deficiunt

1022 2186 1159 2228 Lingua,
1187 2196 1248 2219 vox
1278 2192 1309 2219 et
1336 2198 1460 2231 manus,

917 2234 1003 2268 Nam
1029 2244 1129 2277 more,
1156 2245 1260 2275 error,
1289 2237 1430 2280 vincula,

968 2283 1128 2326 Daemon,
1156 2285 1249 2326 lepra
1278 2284 1416 2330 fugiunt,

1017 2334 1128 2375 Aeger
1155 2335 1241 2367 redit
1269 2345 1378 2368 sanus.

845 2382 890 2418 V.
922 2382 974 2415 Ne
999 2387 1187 2416 sanctorum
1214 2385 1344 2425 singula

967 2431 1073 2465 Facta
1098 2436 1296 2472 retexamus,

918 2481 1011 2514 Haec
1037 2482 1078 2514 de
1105 2482 1216 2514 multis
1243 2484 1383 2522 paucula

970 2529 1073 2564 Gesta
1099 2532 1292 2565 recolamus.
