1650 2727
717 139 985 175 —101—

181 235 214 269 5.
241 233 430 268 Laudemus
455 238 601 268 nostrum
627 236 816 279 Dominum,
890 239 923 272 6.
950 238 998 273 Ut
1024 238 1144 271 dentur
1168 239 1261 272 nobis
1289 241 1434 282 praemia

241 283 371 317 Mariae
396 283 509 323 filium,
949 286 1136 329 Magnaque
1163 289 1283 329 gaudia

241 332 366 375 Regem
391 332 572 375 humilium,
950 336 988 368 In
1016 336 1099 368 caeli
1126 337 1226 371 curia.

587 397 618 430 7.
651 395 746 429 Salus
771 397 821 429 illi
847 400 880 429 et
905 397 1011 438 gloria

649 446 759 486 Atque
784 446 923 479 victoria

649 493 714 527 Per
741 499 857 527 cuncta
884 495 1026 528 saecula.

245 555 428 592 Rozenplut‚
458 555 636 593 Kaneyonal
668 555 750 590 1601,
780 556 1045 592 p.80.—1‚3
1070 557 1144 586 fehlt
1165 561 1232 587 eine
1255 560 1356 595 Silbe3
1384 561 1414 590 2
1443 560 1461 588 :2
1483 564 1522 589 ist

165 597 234 624 eine
255 594 481 632 iibersehiissig·

548 730 815 777 Cantiones
846 732 1131 779 Paschales.

565 868 619 899 117.
662 867 694 899 ln
718 868 962 901 Remi-rectione
985 868 1117 900 Domini.

178 941 209 974 1.
238 941 390 974 Phoebus
418 941 552 981 ecclipsi
579 941 694 973 tumuli
889 942 920 974 3.
950 942 1117 982 (Σειρῆνος,
1146 951 1225 983 quos
1255 943 1426 980 dilexerat,

235 989 450 1031 Restringens
477 991 625 1022 umbram
653 990 789 1031 saeculi,
948 991 999 1023 De
1025 991 1124 1023 limbo
1152 995 1262 1031 patres
1293 996 1421 1025 vexerat

282 1039 414 1071 Pridem
441 1040 513 1072 neci
539 1039 715 1080 subiectus,
997 1040 1051 1071 Ad
1079 1041 1209 1080 agmina
1234 1042 1402 1082 polornm3

235 1101 379 1135 Res-alsit
405 1112 541 1144 surgens
568 1102 676 1143 hodie,
947 1104 1095 1135 Plutonis
1123 1112 1219 1143 posse
1247 1104 1383 1136 destruit

240 1151 302 1184 Per
325 1160 419 1193 quem
446 1151 602 1193 perennis
631 1152 755 1192 gloriae
946 1153 990 1184 Et
1018 1153 1104 1184 vitae
1131 1154 1241 1185 sedem
1270 1155 1427 1186 construit

285 1200 351 1242 Spe
378 1201 473 1233 homo
501 1205 551 1233 est
575 1199 730 1233 refectus.
997 1201 1195 1234 Credentum
1222 1203 1427 1242 populorum.

160 1263 214 1297 R⁰
233 1264 379 1298 Alleluia
404 1264 549 1297 laetitiae
871 1264 926 1297 ΗΟ
945 1265 1090 1298 Alleluia
1117 1265 1261 1297 laetitiae

236 1313 378 1352 Christo,
405 1313 465 1346 soli
492 1313 657 1346 iustitiae!
945 1314 1088 1354 Christo,
1116 1315 1176 1347 soli
1204 1314 1369 1346 iustitiae?

171 1399 205 1431 2.
231 1396 282 1430 De
308 1400 413 1429 morte
439 1406 576 1438 surgens
601 1398 749 1438 grabato,
881 1398 914 1430 4.
942 1398 968 1431 Ο
996 1398 1080 1436 Iesu,
1109 1398 1162 1437 qui
1190 1398 1394 1438 conglutinas

230 1446 292 1486 Qui
318 1447 482 1479 hominem
507 1447 541 1478 in
568 1446 716 1488 sabbato,
940 1447 984 1479 Et
1010 1447 1044 1479 in
1071 1450 1195 1479 statera
1221 1449 1361 1479 trutinas

280 1496 399 1529 Totum
425 1495 581 1528 mundum
609 1496 769 1536 salvavit3
990 1496 1104 1528 Totius
1132 1497 1221 1528 orbis
1249 1498 1377 1536 molem,

231 1559 375 1593 Mortem
401 1563 506 1592 morte
532 1564 713 1602 propterea
944 1561 1042 1599 Laus,
1069 1560 1174 1592 honor
1201 1569 1272 1592 cum
1300 1561 1438 1593 victoria

230 1608 362 1642 Devicit
389 1613 421 1640 et
447 1613 593 1641 tartarea
944 1610 991 1642 Sit
1020 1610 1090 1647 tibi,
1120 1611 1233 1649 virtuS‚
1261 1611 1375 1651 gloria.

280 1658 435 1691 Claustra
461 1658 707 1698 praecipitavit.
992 1660 1055 1698 Qui
1078 1668 1190 1692 manes
1216 1664 1292 1691 ante
1318 1660 1431 1692 solem.

156 1720 212 1755 R⁰
232 1721 377 1755 Alleluia
404 1722 550 1755 laetitiae
866 1724 895 1756 R
910 1721 923 1741 ⁰
943 1722 1088 1756 Alleluia
1116 1723 1262 1755 laetitiae

230 1771 374 1811 Christo,
402 1772 464 1804 soli
489 1771 656 1804 iustitiae!
941 1773 1084 1813 Christo,
1112 1773 1175 1804 soli
1200 1773 1365 1805 iustitiae!

523 1859 554 1889 5.
582 1856 620 1888 In
648 1856 709 1888 hoc
735 1857 883 1898 paschali
910 1856 1029 1897 gaudio

586 1905 822 1938 Benedicamus
849 1906 989 1939 Domino

632 1955 792 1989 Discantu
819 1965 892 1988 cum
919 1961 1053 1996 tenore;

583 2019 753 2052 Laudetur
779 2025 892 2053 saneta
920 2020 1064 2059 trinitas,

583 2068 652 2101 Deo
681 2069 826 2102 dicamus
853 2069 975 2111 gratias

632 2119 744 2151 Mente
771 2119 867 2152 simul
895 2123 927 2150 et
953 2127 1019 2151 ore.

499 2182 557 2215 R⁰
583 2183 729 2215 Alleluia
756 2183 900 2216 laetitiae

583 2231 724 2271 Christo,
753 2232 814 2265 soli
841 2233 1004 2265 iustitiae!

231 2299 319 2330 Cant.
351 2308 406 2328 ms,
435 2300 590 2336 Pragense
615 2299 802 2332 (wenceslai
833 2300 870 2328 de
896 2300 1082 2336 Wyskytna)
1113 2301 1185 2327 anni
1221 2298 1305 2328 1512.
1333 2301 1403 2327 cml.
1434 2301 1512 2328 Mus.

151 2339 277 2368 Bohem.
305 2339 381 2369 xm
403 2340 428 2368 A
456 2337 483 2368 2.
516 2355 553 2358 —
582 2337 630 2368 R⁰
657 2339 738 2368 steht
764 2339 865 2368 hinter
895 2338 926 2372 l,
954 2338 983 2368 3.
1008 2355 1047 2359 --
1074 2339 1137 2367 Vor
1158 2338 1189 2374 5,
1222 2338 1233 2365 1
1265 2339 1340 2367 noch
1364 2339 1512 2377 folgende,

147 2379 312 2415 jedenfalls
333 2378 418 2407 nieht
437 2379 705 2418 dorthingehfirige
727 2379 845 2407 Zeilen:

582 2429 656 2462 Cum
671 2431 774 2466 μήτε
776 2428 850 2456 sed-
852 2430 996 2469 ingenito

544 2488 563 2500 2
579 2457 629 2509 Εἶ-
636 2469 754 2509 wlff-itu
775 2470 841 2496 hel:
850 2462 964 2513 gepito,
977 2486 980 2491 -

502 2520 515 2533 .¹
562 2523 575 2546 ¹.-
608 2495 691 2536 Sed
698 2508 832 2536 mixtum*
838 2505 1024 2545 procedenti.

605 2592 617 2609 '³'-
648 2578 736 2606 ,ἷκεν-ἶ
739 2578 782 2596 2222
