1650 2727
690 180 955 217 —180—

245 279 313 311 Iam
341 279 436 312 turba
461 280 601 321 supplex
621 280 784 313 hominum

244 326 315 360 Tua
340 329 447 368 poscit
471 329 604 369 auxilia,

244 377 466 418 Ingemiscens
492 378 641 410 exsilium

245 426 382 466 Aspirat
409 427 450 459 ad
477 426 640 465 sublimia,

245 475 334 514 Quae
360 478 392 507 te
419 476 506 514 colit⁷
535 476 683 508 ecclesia.

244 523 343 564 Ergo,
371 533 497 566 gemma
524 524 725 564 pontificum,

243 572 371 604 Exerce
399 574 571 611 mirabilia,

242 622 369 661 Agmen
398 623 473 662 suga
500 620 688 660 terrificum,

244 670 337 709 Quod
364 671 452 702 volat
478 679 537 710 per
562 670 682 712 inania,

244 718 337 750 Pium
365 723 455 750 tuere
482 719 648 760 populum,

242 766 292 798 Ne
318 773 485 806 prematur
510 767 637 799 insania

242 815 335 847 Illius
362 815 594 848 fraudulentia.

327 911 395 938 Alia
419 911 601 946 Antiphona.

240 980 295 1012 Ad
322 989 415 1012 sacra
441 980 546 1011 sancti

289 1027 419 1060 Siffredi
445 1028 615 1060 sollemnia

238 1077 350 1109 Mente
378 1077 496 1108 devota

286 1125 430 1157 fidelium
458 1125 587 1165 agmina

240 1174 340 1207 Simul
368 1179 542 1206 occurrant

287 1226 383 1262 atque
410 1222 488 1254 dent
513 1222 698 1264 praeconia,

238 1271 281 1303 Ut
308 1271 351 1302 ad
378 1271 551 1309 caelorum,

287 1327 369 1359 quae
395 1320 553 1361 percepit,
581 1318 700 1359 gaudia

236 1367 340 1399 Nobis
368 1369 503 1399 cedatur

286 1416 485 1448 ascendendi
512 1415 627 1457 gratia,

236 1464 279 1496 Et
307 1474 538 1505 conregnemus

286 1521 345 1552 per
372 1514 440 1544 eius
466 1512 629 1552 suffragia.

273 1637 335 1670 Ad
362 1638 638 1673 Matutinum,

343 1716 566 1743 Iuvitatorium.

231 1795 415 1826 Adoremus
443 1795 606 1827 Christum
633 1803 752 1838 regem,

282 1842 502 1875 confessorum
531 1843 714 1886 Dominum,

231 1892 291 1932 Qui
317 1892 503 1933 pontificem
531 1892 703 1924 Siffredum

281 1950 380 1980 supra
407 1942 488 1973 caeli
515 1942 631 1973 solium

233 1988 437 2022 Condonavit
464 1994 694 2030 percepturum

280 2040 468 2079 angelorum
495 2039 659 2078 gaudium.

265 2165 310 2196 In
341 2166 370 2198 1.
399 2165 634 2198 Nocturno.

349 2242 548 2278 Antiphonae.

167 2322 200 2356 1.
228 2321 351 2354 Christi
378 2322 471 2353 miles
498 2320 657 2353 Siffredus

225 2371 424 2411 Campaniae
450 2369 568 2402 finibus

222 2419 361 2453 Exstitit
388 2420 555 2459 oriundus,

222 2469 284 2509 Qui
310 2478 401 2502 suam
428 2469 508 2501 satis
533 2468 655 2500 claram

222 2518 420 2552 Honestavit
445 2518 647 2560 prosapiam,

886 281 919 313 2.
946 278 1012 312 Hic
1035 278 1221 312 adhaerens
1245 279 1386 320 genitori

995 327 1110 360 Comes
1135 328 1326 361 individuus

946 375 1103 409 Omnibus
1128 377 1325 409 renuntiavit

994 427 1122 466 pompis
1150 425 1380 466 mundialibus,

946 474 1083 514 optans,
1110 479 1145 506 ut
1173 474 1338 506 efficiatur

994 522 1175 556 Lirinensis
1202 522 1390 556 monachus.

886 611 917 644 3.
942 609 1038 641 Hunc
1072 615 1107 642 ut
1140 611 1221 642 vidit
1249 615 1344 651 pater
1371 611 1492 652 claruS‚

993 659 1141 698 pontifex
1168 660 1351 701 Caesarius,

946 707 1040 739 Omni
1068 709 1176 740 studio
1203 709 1358 740 instruxit

996 756 1191 788 adornatum
1218 757 1363 789 moribus

943 804 988 836 Et
1015 806 1167 845 provexit
1193 806 1360 837 Arelatem

993 853 1220 886 admirandum
1250 854 1411 888 omnibus,

982 997 1026 1029 Iu
1056 999 1086 1033 2.
1116 999 1350 1031 Nocturno.

1065 1075 1265 1112 Antiphonae.

905 1189 913 1196 .
941 1163 1042 1202 Quem
1069 1168 1219 1195 austerae
1246 1165 1337 1204 vigor
1365 1164 1450 1197 vitae

988 1210 1127 1251 perfecit
1153 1213 1352 1244 laudabilem

938 1259 983 1292 Et
1009 1260 1173 1300 signorum
1201 1270 1338 1301 sequens
1366 1262 1470 1294 virtus

987 1308 1135 1341 reddidit
1163 1310 1355 1347 mirabilem,

940 1356 1019 1388 Cum
1045 1357 1196 1391 viderent
1213 1363 1360 1391 sanctum
1380 1359 1485 1391 virum

988 1406 1021 1436 in
1048 1407 1213 1445 praesenti
1240 1407 1409 1442 caelibem.

904 1512 913 1521 .
941 1487 1188 1520 Vendascenses
1213 1492 1291 1520 tunc
1316 1494 1449 1529 pastore

989 1536 1127 1569 desolati
1152 1537 1265 1578 populi

939 1584 1192 1625 Conqueruntur
1217 1587 1396 1627 aggregati,

984 1642 1025 1665 ne
1051 1634 1232 1667 subdantur
1258 1635 1366 1677 alteri,

936 1681 987 1714 Ne
1013 1682 1083 1714 sine
1110 1683 1245 1715 ductore
1271 1684 1357 1724 lapsi

984 1731 1159 1763 videantur
1185 1733 1368 1772 comprimi.

900 1838 907 1846 .
933 1813 989 1846 Ad
1015 1814 1161 1847 Arelatis

984 1861 1177 1895 festinantes
1203 1864 1330 1896 moenia

932 1912 1020 1944 Ante
1047 1911 1192 1944 Caesarii

983 1962 1225 2001 provolvuntur
1251 1970 1367 2003 genua,

934 2009 1055 2041 Petunt
1081 2010 1267 2051 siffredum,

981 2059 1023 2090 ad
1051 2068 1108 2091 sua
1136 2059 1290 2100 suffragia

933 2106 1105 2140 Consensit
1133 2109 1263 2148 praesul

980 2160 1085 2188 motus
1112 2158 1325 2197 querimonia.

967 2301 1014 2332 Iu
1043 2302 1074 2335 3.
1102 2302 1340 2336 Nocturno.

1054 2378 1254 2415 Antiphonae.

892 2491 901 2500 .
929 2465 1090 2500 siffredus
1117 2468 1178 2500 hoc
1204 2472 1239 2501 ut
1267 2472 1438 2517 comperit,

927 2515 978 2548 Ne
1003 2515 1062 2548 fiat
1088 2515 1222 2561 factum,
1253 2519 1382 2553 distulit
