1650 2727
673 160 944 200 —127—

535 334 580 366 51.
623 335 667 367 De
688 342 730 366 ss.
751 334 841 366 lusto
864 335 898 367 et
919 333 1088 367 Clemente.

291 445 354 480 Ad
391 446 616 487 Vesperas.

352 534 554 571 Antiphonae.

170 635 202 669 1.
229 634 386 667 Laetetur
410 632 549 665 ecclesia

277 682 387 716 Mater
411 686 488 715 voto
513 682 644 722 mentis,

229 732 391 764 Recolens
416 731 586 764 sollemnia

279 780 362 814 Iusti
388 784 421 814 et
446 780 636 814 Clementis.

167 880 201 914 2.
227 879 353 912 Horum
380 887 458 910 vera
486 877 676 910 fraternitas

277 927 441 961 Probatur
467 927 537 960 Deo
563 931 667 968 grata,

230 978 332 1018 Quam
357 980 494 1009 exornat
519 976 691 1017 integritas

279 1025 396 1060 Carnis
422 1025 644 1058 immaculata.

170 1134 203 1166 3.
230 1133 290 1166 Isti
317 1136 390 1164 sunt
418 1132 672 1172 triumphatores

280 1181 408 1218 Mundi,
437 1181 544 1214 carnis
571 1181 705 1222 inimici„

231 1230 394 1264 Vanitatis
421 1235 672 1270 contemptores,

277 1279 340 1312 Dei
368 1277 446 1311 facti
473 1282 547 1312 sunt
574 1279 680 1313 amici.

169 1389 204 1421 4.
231 1386 444 1420 Patriarchae
471 1391 650 1419 sectatores

278 1435 463 1468 Exiverunt
489 1435 639 1479 patriam,

230 1484 342 1518 Divini
366 1485 611 1525 praedicatores

278 1533 377 1566 Verbi
405 1537 520 1575 petunt
545 1534 685 1568 Italiam.

326 1669 372 1696 Ad
392 1668 578 1707 Magnificat.

154 1751 197 1784 A.
225 1750 427 1782 Veneremur
453 1755 583 1782 sanctos
610 1754 733 1791 patres

225 1799 349 1832 Iustum
372 1802 405 1830 et
423 1800 623 1832 Clementem
643 1798 774 1842 fratres,

225 1849 368 1890 Quorum
396 1849 506 1881 carnis
534 1847 735 1888 fraternitaS,

224 1897 334 1941 Magis
362 1896 510 1938 perfecta
537 1898 669 1942 caritas,

225 1946 343 1980 Mundi
369 1956 409 1980 ac
434 1947 517 1980 caeli
544 1948 634 1980 socia

225 1996 302 2029 Pari
328 1996 458 2030 locatur
480 1996 595 2039 gloria.

258 2183 322 2218 Ad
356 2184 637 2220 Matutinum.

339 2272 561 2301 Invitatorium.

222 2372 346 2415 Regem
372 2381 484 2414 regum
512 2373 749 2414 sempiternum

269 2422 387 2464 Dignis
412 2423 557 2456 colamus
586 2422 752 2466 laudibus,

222 2471 284 2514 Qui
318 2480 454 2514 regnum
483 2471 575 2506 dedit
601 2476 773 2506 aeternum

269 2522 362 2556 Iusto
374 2524 407 2554 et
420 2521 585 2556 Clementi
600 2520 772 2557 fratribus.

975 447 1081 480 1111.
1110 446 1347 479 Nocturno.

1067 532 1269 569 Antiphonae.

878 634 910 666 1.
939 632 1034 665 Beati
1063 632 1270 673 pestilentiae

987 681 1186 715 Cathedram
1214 680 1419 722 refugerunt,

938 731 1046 771 Magis
1073 729 1304 762 oboedientiae

987 779 1080 812 Viam
1107 779 1368 811 ambulaverunt.

881 880 913 913 2.
941 880 1048 920 Quare
1074 878 1179 911 sancti
1206 877 1415 918 disciplinam

987 928 1057 960 Visi
1084 931 1157 959 sunt
1184 926 1446 969 apprehendere,

936 977 1171 1018 Evangelicam
1200 976 1381 1008 doctrinam

987 1026 1165 1058 Docentem
1185 1029 1303 1057 cuncta
1316 1033 1484 1064 spernere.

877 1135 908 1168 3.
937 1134 1017 1166 Cum
1045 1134 1235 1165 invocarent
1265 1133 1450 1174 Dominum,

988 1183 1106 1215 Audiri
1134 1186 1332 1221 meruerunt,

941 1231 1039 1263 Viros
1068 1231 1198 1264 dolosos
1226 1232 1418 1271 sanguinum

990 1280 1102 1313 Sancti
1131 1290 1201 1312 cum
1231 1280 1436 1321 fugaverunt.

875 1392 907 1423 4.
937 1388 1044 1421 Verba
1071 1389 1218 1429 percepit
1246 1387 1379 1420 auribus

984 1437 1142 1470 Dominus
1171 1436 1403 1477 confessorum,

935 1487 1105 1520 Orantium
1133 1496 1193 1526 pro
1221 1486 1368 1527 frugibus

985 1536 1085 1568 Fame
1111 1535 1356 1567 tribulatorum.

875 1648 907 1679 5.
934 1644 1085 1687 Domine,
1115 1644 1264 1676 mirabile

984 1694 1110 1726 Nomen
1138 1698 1359 1734 cognoverunt

932 1743 1050 1784 Tuum,
1080 1743 1289 1775 formidabile

983 1793 1076 1833 Quod
1103 1792 1391 1832 praedicaverunt,

872 1902 905 1934 6.
934 1901 971 1932 ln
998 1900 1138 1933 Domino
1164 1899 1317 1933 fiduciam

985 1950 1192 1983 lactaverunt
1220 1955 1332 1991 totam,

935 1999 1136 2040 Linquentes
1163 2000 1367 2040 provinciam

984 2050 1162 2090 Pergentes
1189 2049 1231 2081 ad
1256 2051 1411 2091 ignotam.

1052 2187 1265 2222 Responsoria.

874 2277 906 2311 1.
936 2276 1044 2309 Iustus
1071 2280 1104 2310 et
1131 2278 1281 2311 Clemens
1309 2278 1449 2321 nomine,

984 2326 1034 2358 De
1061 2335 1180 2367 genere
1205 2327 1362 2359 nobilium

933 2374 1070 2408 Fratres
1097 2377 1240 2416 partium
1267 2375 1414 2417 Africae,

933 2423 1113 2467 Refugiunt
1140 2426 1277 2458 mirifice

983 2475 1191 2508 Consortium
1219 2474 1378 2518 affinium,

934 2523 1015 2556 Levi
1043 2534 1084 2557 ne
1110 2528 1249 2565 peccent
1276 2524 1408 2558 famine.
