1650 2727
695 157 958 194 -140-

573 257 604 289 7.
630 256 816 289 Memorare
842 255 1056 298 substantiae,

628 305 737 349 Pater,
765 309 840 338 tuae
866 303 1022 343 familiae,

627 351 772 387 Adfatur
794 357 921 395 patrem
949 352 1045 396 filius,

629 402 721 442 Quod
749 403 803 435 vix
829 401 888 435 fiat
914 401 1063 442 celerius,

630 451 815 484 Miserebor
840 450 1032 483 ramusculis

629 499 736 532 David
761 499 882 541 fugatis
908 499 1008 539 vitiis,

629 548 845 581 Aeternitatis
872 547 998 580 cellulis

630 597 756 629 Locans
781 606 841 637 pro
868 596 1088 638 paenitentiis,

630 645 734 678 Nobis
759 645 865 686 optati
890 645 1001 678 taliter

628 693 824 734 Regnabunt
849 693 1070 728 aeternaliter.

225 791 298 817 Piae
321 790 483 818 Cantionns
506 792 576 825 imp.
602 787 675 817 1582
697 790 747 818 fol.
768 790 796 819 G
816 788 834 818 3
855 799 882 818 a.
902 788 1085 826 (Klemming
1106 791 1151 822 11,
1181 788 1214 816 71
1239 790 1292 816 mit
1313 789 1365 816 dei·
1385 789 1499 824 irrigen

147 829 357 864 Bczeiehnung
382 828 609 865 „Hymnus“.)

587 962 649 993 175.
692 961 734 993 De
756 961 907 993 Passione
929 959 1063 991 Domini.

809 1053 838 1085 J.

180 1143 239 1176 1a.
268 1143 375 1174 Autor
401 1142 532 1173 humani
557 1140 698 1183 generis,
891 1138 955 1173 lb.
983 1140 1048 1172 Pro
1075 1139 1275 1172 redimendis
1302 1138 1430 1170 miseris

319 1190 455 1224 Pietatis
1028 1188 1129 1221 Morti
1158 1188 1243 1220 datis

369 1239 532 1272 Mirabilis
560 1238 708 1275 consilio,
1077 1238 1140 1270 Suo
1167 1246 1231 1269 non
1258 1244 1396 1276 parcens
1419 1235 1500 1276 filio,

180 1339 240 1370 23.
274 1338 391 1370 Natum
421 1338 527 1369 Maria
553 1336 677 1377 virgine
889 1335 951 1369 2b.
982 1334 1101 1374 Fulget
1127 1335 1233 1367 crucis
1260 1334 1460 1375 mysterium,

322 1387 422 1418 Morti
452 1386 556 1417 erucis
581 1384 743 1426 exposuit,
1026 1385 1191 1416 Aeternae
1218 1383 1300 1415 lucis
1319 1383 1498 1427 speculum,

272 1436 331 1475 Qui
358 1445 472 1477 passus
499 1435 569 1466 sine
596 1434 731 1465 erimine
982 1433 1041 1466 Cui
1069 1433 1222 1465 subditur
1247 1432 1418 1472 imperium

321 1483 482 1523 Exsolvit,
498 1492 581 1523 quae
595 1492 659 1514 non
675 1483 793 1523 rapuit.
1027 1481 1200 1514 Rectorum
1229 1481 1323 1512 huius
1351 1481 1485 1516 saeculi.

187 1584 248 1616 3a.
280 1583 316 1614 In
344 1581 490 1621 paradisi
517 1581 640 1620 gremio
894 1579 957 1613 3b.
987 1579 1099 1612 Nostri
1126 1579 1247 1612 laboris
1274 1579 1420 1620 praemio

327 1630 465 1671 Lignum
493 1630 579 1661 vitae
603 1629 797 1668 productum
1031 1627 1152 1660 Salutis
1178 1628 1305 1670 profert
1332 1627 1486 1662 fructum.

191 1725 253 1757 4a.
282 1726 394 1763 Agnus
423 1723 560 1754 haerens
584 1721 617 1752 in
644 1721 798 1760 vepribus
892 1720 957 1755 4b.
985 1722 1110 1761 Anguis
1137 1721 1335 1762 spectandus
1354 1722 1503 1754 omnibus

328 1771 391 1803 Pro
417 1772 512 1804 Isaac
538 1770 711 1810 occiditur,
1032 1771 1135 1803 Cruce
1161 1771 1308 1811 pendens
1335 1770 1483 1812 erigitur.

184 1873 202 1904 5
220 1880 249 1902 a.
277 1870 368 1901 Haec
396 1874 443 1900 est
471 1878 528 1900 ara
554 1866 719 1904 salutaris,
894 1867 956 1902 5b.
985 1868 1064 1907 Qua,
1095 1868 1235 1909 Christe,
1262 1869 1460 1901 sacrificatis

325 1918 443 1959 Rigata
471 1917 549 1949 rivis
575 1915 752 1957 sanguinis,
1031 1917 1096 1950 Pro
1123 1918 1207 1958 lapsi
1235 1918 1330 1958 eulpa
1352 1918 1502 1952 hominis.

186 2019 251 2051 6a.
280 2017 375 2050 Cruci
403 2016 504 2047 clavis
531 2014 687 2055 affigeris,
896 2014 961 2047 6b.
990 2015 1044 2047 Sic
1071 2016 1216 2048 confixus
1243 2017 1388 2058 erigeris⁷

325 2065 374 2097 Tu
388 2070 514 2105 patrem
530 2065 666 2105 placans
680 2063 797 2105 hostia,
1033 2063 1106 2096 Leti
1133 2064 1296 2097 fracturus
1323 2067 1417 2100 ostia.

191 2161 253 2193 7a.
280 2158 489 2191 Distenditur
515 2158 546 2189 in
574 2156 686 2197 stipite
897 2155 958 2190 7b.
986 2156 1180 2190 ostenditur
1205 2158 1237 2189 in
1268 2159 1375 2198 capite

330 2207 444 2240 Crucis
472 2215 547 2238 caro
574 2205 737 2249 virginea,
1034 2204 1134 2238 Sacro
1160 2215 1280 2238 corona
1307 2208 1432 2248 spinea,

188 2307 253 2340 8a.
282 2305 419 2347 Sanguis
446 2308 477 2336 et
504 2303 592 2336 unda
619 2301 753 2343 profluit
896 2302 960 2336 8b.
987 2302 1041 2335 Sic
1067 2304 1194 2335 miseris
1222 2313 1301 2336 crux
1328 2305 1464 2349 profuit,

329 2354 379 2387 De
405 2353 484 2386 fossi
510 2351 599 2385 fonte
625 2352 760 2394 lateris3
1033 2351 1134 2390 Quam
1162 2352 1353 2386 innocenter
1371 2357 1505 2396 pateris.

190 2455 251 2488 9a.
278 2453 352 2486 Hoc
378 2453 540 2486 exaltatus
567 2450 662 2488 solio,
896 2449 960 2484 9b.
987 2449 1092 2483 Rixae
1119 2451 1285 2484 destructo
1312 2453 1391 2486 lolio

326 2502 373 2536 Ut
406 2502 447 2535 ad
483 2504 516 2532 te
541 2499 654 2532 trahas
681 2499 801 2541 omnia,
1033 2499 1116 2532 Fers
1125 2499 1168 2532 ad
1178 2501 1349 2541 amplexus
1358 2503 1506 2541 brachia.
