1650 2727
747 117 794 157 17

131 220 165 254 2.
191 217 313 261 Spinae
338 226 445 258 poena

241 266 356 307 culpas
381 267 590 307 exterminat,

190 314 236 349 Et
262 315 393 348 dolores

240 363 334 396 dolor
357 363 514 401 eliminat,

192 409 381 457 Mors[que]
411 413 511 444 vitam

243 461 303 495 sub
330 462 427 502 spina
454 460 615 503 germinat

243 510 288 544 Et
313 517 449 543 mortem
479 509 643 542 terminat.

195 560 286 594 Inter
312 559 424 601 spinas

240 609 344 641 honor
369 608 529 647 illuditur,

193 657 270 690 Vita
294 662 432 690 mortem

242 706 303 740 sub
329 706 432 747 spinis
461 706 596 748 patitur.

131 787 164 821 3.
191 785 270 819 Flos
298 785 338 818 de
365 786 457 826 virga

241 839 336 868 natus
364 835 520 875 virginea,

192 884 340 918 Puritate

243 934 409 966 nitescens
433 933 541 971 nivea,

194 982 261 1016 Sub
290 986 451 1022 punctura

242 1031 417 1063 marcescit
443 1031 558 1071 spinea

243 1081 357 1113 Crucis
384 1080 416 1112 in
444 1088 539 1122 area,

195 1129 299 1171 Virga
325 1129 438 1161 florem

244 1180 400 1210 virtutum
429 1178 550 1218 genuit,

194 1230 258 1263 Per
283 1236 377 1268 quem
405 1232 492 1259 totus

244 1276 334 1310 orbis
361 1274 518 1310 refloruit,

226 1425 271 1458 In
310 1426 341 1458 2.
380 1424 618 1458 Nocturno.

316 1502 517 1539 Antiphonae.

132 1594 164 1628 1.
196 1592 312 1626 Gestat
339 1601 492 1624 coronam
518 1591 666 1632 spineam

241 1642 315 1675 Rex
341 1643 373 1674 in
401 1642 543 1674 derisum
572 1640 726 1681 traditus,

192 1692 240 1726 Ut
265 1691 307 1724 ad
336 1700 487 1723 coronam
515 1699 647 1723 auream

246 1740 350 1774 Nobis
376 1743 504 1781 pateret
531 1739 652 1773 aditus,

129 1822 164 1855 2.
191 1820 243 1854 De
269 1823 417 1852 torrente

240 1869 356 1902 bibens
382 1870 534 1901 miseriae

187 1919 361 1953 Exaltavit

240 1973 338 2010 caput
365 1977 423 2002 rex
450 1968 575 2009 gloriae

190 2018 387 2053 Coronatum

239 2067 343 2108 spinis
370 2067 551 2109 angustiae.

129 2149 162 2183 3.
190 2147 313 2190 Regem
340 2145 468 2188 Sibylla
495 2144 624 2184 cecinit,

237 2196 331 2238 Quod
342 2195 443 2229 ferret
454 2199 577 2228 sertum
586 2193 748 2234 spineum,

189 2247 263 2280 Hoc
288 2246 413 2280 Iudaea
438 2254 504 2278 non
530 2242 679 2276 meminit

239 2295 362 2337 Spinae
387 2294 551 2337 praebens
578 2292 738 2326 aculeum.

306 2373 522 2410 Responsoria.

128 2434 163 2469 1.
189 2434 216 2469 Ο
242 2433 394 2466 miranda

239 2483 327 2526 regis
355 2481 513 2523 dignatio,

151 2543 294 2572 Dreves,
312 2541 458 2566 Historiae
476 2540 672 2570 Rhythmicae.
706 2536 784 2561 VIII.

839 1874 869 1909 1.

901 217 990 257 Quae
1015 227 1050 250 se
1076 217 1190 258 spinae

946 265 1061 298 subdit
1086 267 1286 307 opprobrio,

898 313 993 347 Felix
1021 314 1115 347 huius

947 363 1061 404 spinae
1087 363 1246 402 condicio,

900 412 989 452 Quae
1016 411 1178 452 spinetum

948 465 1066 501 purgat
1092 470 1112 493 a
1137 460 1235 492 vitio!

901 509 992 551 Flos,
1024 509 1144 551 spineti

950 559 1048 590 decus
1077 564 1108 590 et
1133 557 1247 600 gloria,

900 608 965 640 Pro
991 608 1119 648 spineto

951 656 1064 689 suffert
1089 655 1280 697 opprobria.

902 735 1022 768 Mortis
1049 739 1212 775 sceptrum
1240 735 1427 767 comminuit

948 785 1036 823 Vita,
1065 785 1138 816 dum
1159 784 1262 824 spinis
1281 785 1448 825 pungitur,

905 833 999 866 Vitae
1027 842 1178 866 coronam
1206 833 1332 873 tribuit,

952 883 1037 915 Dum
1067 882 1126 914 sub
1154 892 1273 915 corona
1299 883 1447 918 moritur.

873 957 880 965 .
909 932 1058 966 Christus
1084 933 1199 972 spinae

950 985 1088 1022 punctus
1115 981 1265 1021 angustia

900 1030 1003 1063 Nobis
1030 1029 1155 1062 confert

948 1088 1086 1112 coronae
1112 1078 1241 1120 gaudia.

903 1157 1045 1190 Coronat
1072 1166 1180 1198 regem
1205 1157 1347 1190 omnium

950 1207 1072 1240 Iudaea
1099 1211 1188 1239 serto
1210 1207 1336 1248 spineo,

901 1256 975 1289 Stat
1000 1257 1087 1289 inter
1113 1256 1225 1297 spinas
1251 1255 1356 1288 lilium

953 1306 1098 1338 vernans
1125 1314 1239 1337 cruore
1267 1314 1370 1339 roseo,

903 1354 1077 1396 Spinarum
1107 1355 1222 1394 culpae
1250 1355 1404 1397 nescium,

952 1404 1072 1445 Spinae
1099 1410 1254 1444 punctum
1282 1404 1406 1437 aculeo.

902 1453 969 1487 Sub
997 1453 1114 1486 decore

951 1501 1052 1544 fulget
1080 1511 1245 1543 purpureo

899 1552 1026 1592 Corpus
1053 1552 1159 1584 nitens

947 1601 1090 1633 candore
1116 1601 1220 1633 niveo.

930 1722 977 1754 In
1014 1720 1046 1755 3.
1083 1719 1325 1752 Nocturno.

1024 1788 1227 1824 Antiphonae.

898 1874 924 1907 O
953 1873 1031 1907 felix
1061 1873 1206 1915 punctio,

949 1924 1038 1963 Quae
1065 1923 1165 1956 vitam
1192 1920 1339 1954 reddidit

903 1973 1000 2006 Cuius
1026 1971 1188 2014 supplicio

950 2023 1042 2056 Mors
1070 2027 1206 2054 mortem
1234 2018 1391 2060 perdidit.

903 2101 1037 2143 Spinam
1067 2109 1123 2133 rex
1151 2109 1213 2132 non
1243 2097 1389 2140 reppulit

954 2150 1023 2184 Nec
1050 2150 1164 2192 spinae
1192 2148 1350 2190 dolorem,

905 2200 1028 2243 Spinae
1054 2203 1175 2231 sertum
1200 2197 1317 2231 detulit

951 2249 1107 2282 Nostrum
1135 2247 1176 2280 ob
1203 2255 1359 2280 amorem.

901 2327 973 2360 Rex
997 2327 1056 2360 sub
1084 2327 1199 2368 spinae
1226 2325 1362 2366 cuspide

947 2377 1034 2410 Olim
1061 2377 1228 2409 laureatus

902 2426 1053 2459 Pretioso
1079 2424 1191 2466 lapide

950 2475 1070 2518 Fulget
1097 2477 1281 2508 coronatus.

1256 2529 1274 2547 ι’)

1257 2549 1273 2559 u
