1650 2727
713 200 762 205 —
816 181 884 216 109
935 200 981 204 —

207 279 243 311 4.
269 277 421 318 Paralysi
447 277 613 318 perditum

321 326 423 358 Latus
450 334 660 358 cancerosum

266 375 328 407 Est
352 374 426 407 usui
452 375 629 417 redditum,

316 423 454 455 Factum
481 423 674 457 virtuosum.

208 514 240 545 5.
268 510 421 544 Membra
446 511 640 554 paralytica,

319 560 389 594 Usu
415 560 480 593 iam
508 560 648 601 privata,

269 609 399 641 Virtute
425 609 565 641 mirifica.

317 657 399 690 Sunt
427 658 643 690 consolidata.

358 765 406 792 Ad
429 765 617 792 Benedictus.

194 838 236 869 A.
266 836 463 867 Benedictus

311 885 352 916 sit
380 894 438 916 rex
466 884 632 925 pacificus,

978 279 1015 310 In
1041 278 1171 318 Aclvige

1025 326 1080 367 qui
1107 331 1155 358 est
1184 327 1351 368 mirificus,

975 375 1109 407 Donans
1136 375 1166 406 ei

1026 424 1110 456 dona
1137 423 1340 463 magnificus.

1019 521 1065 553 In
1099 522 1131 554 2.
1161 520 1385 560 vesperis.

1071 577 1117 604 Ad
1138 577 1324 614 Magnificat.

937 664 945 671 .
973 636 1165 678 Magnificat
1195 647 1252 669 rex
1280 638 1404 678 gloriae

972 687 1135 727 Advigem
1163 687 1195 718 in
1224 687 1402 723 miraculis,

971 735 1180 776 Magnificam
1209 736 1366 767 ecclesiae

971 785 1124 818 Ostendit
1151 785 1181 816 in
1211 785 1391 825 prodigiis3

971 833 1220 875 Magnificemus
1248 834 1344 865 hodie

972 885 1081 925 Ipsam
1110 884 1204 914 laetis
1232 884 1427 922 praeconiis.

243 962 366 990 collect.
395 971 448 989 ms.
479 963 670 990 Constantini
691 962 821 990 Gaetani
845 971 920 989 saec.
948 959 991 988 17.
1013 961 1085 988 (jod.
1109 960 1303 987 Alexandr-in.
1334 960 1380 987 93,
1410 976 1447 979 —
1480 963 1519 988 ln

166 1002 279 1029 Laud.
304 1001 329 1030 A
351 1000 378 1031 4,
403 1002 415 1029 l
440 1003 474 1029 ln
497 1002 648 1037 paradisi.

468 1127 517 1158 43.
562 1126 602 1158 ne
626 1135 667 1157 ss.
692 1126 807 1158 llelaro
833 1128 863 1157 et
887 1125 1025 1155 Taciam»
1049 1125 1080 1155 et
1102 1124 1213 1156 Sociis.

306 1220 351 1251 In
388 1220 419 1252 1.
450 1219 674 1259 Vesper-is.

384 1286 587 1322 Antiphonae.

204 1367 235 1398 1.
264 1366 355 1397 Haec
383 1375 460 1397 vera
486 1364 677 1398 fraternitas

310 1415 483 1455 Nunquam
511 1415 674 1457 violanda,

261 1463 383 1496 Sancta
410 1473 495 1496 nunc
521 1464 724 1496 sollemnitas

308 1512 446 1553 Semper
472 1514 660 1546 veneranda

258 1563 362 1595 Puros
390 1566 496 1593 monet
524 1572 642 1602 pueros

305 1610 439 1643 Sacrum
468 1612 637 1653 luminare,

259 1660 404 1693 Caelum.
432 1664 563 1701 terram,
592 1660 716 1693 inferos

309 1709 413 1741 Deum
442 1710 641 1743 collaudare.

201 1789 235 1821 2.
263 1788 383 1821 Omnes
402 1792 514 1828 gentes
533 1788 636 1821 Deum
657 1790 803 1829 laudent,

307 1837 438 1869 Patrem
465 1838 569 1870 omnis
595 1839 732 1880 gratiae,

258 1887 347 1927 Quae
356 1890 512 1927 patronos
524 1892 653 1920 sanctos
661 1889 805 1929 gaudent

310 1935 410 1968 Datos
436 1937 643 1978 Aquilegiae.

193 2016 226 2048 3.
252 2015 308 2054 Hi,
336 2015 391 2056 qui
414 2015 509 2048 iustis
536 2017 654 2050 sociari

304 2064 499 2097 Meruerunt
525 2067 702 2107 supplices,

253 2112 335 2145 Sunt
348 2114 522 2150 scintillae,
548 2121 623 2148 sunt
638 2117 801 2158 praeclari

299 2163 417 2206 Reges,
445 2170 521 2196 sunt
547 2170 579 2197 et
604 2166 740 2200 iudices.

193 2243 227 2275 4.
253 2242 361 2274 Adest
387 2252 513 2276 merces
540 2245 684 2286 copiosa,

303 2292 410 2325 Vitam
439 2293 540 2326 beans
567 2294 745 2335 hominum,

249 2340 309 2380 Qui
338 2351 398 2382 pro
423 2341 490 2375 fide
516 2343 660 2385 gloriosa

300 2390 476 2424 Fusionem
503 2394 695 2434 sanguinum

254 2440 420 2473 Patientes
446 2442 642 2483 moriuntur,

250 2489 336 2522 Dum
365 2493 400 2523 et
426 2491 491 2523 vivi
518 2493 710 2526 recoluntur

299 2539 373 2572 Non
400 2539 560 2588 habentes
587 2542 772 2577 terminum.

910 1220 941 1250 5.
971 1216 1189 1256 Hierusalem,
1219 1217 1315 1249 lauda

1018 1275 1143 1297 summa
1172 1267 1304 1306 dignum
1332 1267 1440 1308 laude,

968 1314 1032 1347 Sed
1061 1315 1237 1355 Aquilegia

1017 1373 1140 1395 summo
1168 1365 1283 1404 plausu
1311 1365 1442 1406 plaude,

968 1412 1050 1444 Nam
1078 1413 1238 1445 laurearis

1018 1462 1166 1503 patribus
1198 1463 1364 1502 impensis,

968 1512 1032 1543 Per
1060 1521 1140 1551 quos
1170 1512 1286 1543 ditaris

1016 1560 1169 1592 laudibus
1197 1561 1374 1593 immensis,

1065 1696 1111 1723 Ad
1134 1696 1317 1732 Mag-nificat.

929 1803 936 1809 .
965 1776 1071 1816 Salve,
1102 1782 1198 1816 pater
1225 1777 1370 1813 Hellare,

1014 1825 1139 1857 Doctor
1163 1827 1323 1862 veritatis,

963 1876 1013 1907 Ae
1040 1880 1210 1915 grassante
1238 1878 1379 1908 caesare

1014 1924 1115 1964 Virga
1144 1925 1335 1963 maiestatis,

963 1973 1104 2013 Gregem
1132 1979 1220 2006 tuum
1250 1975 1388 2016 prohibe

1013 2023 1090 2055 Zelo
1119 2024 1262 2063 pietatis,

961 2072 1062 2112 Opem
1092 2072 1193 2114 lapsis
1221 2073 1339 2106 exhibe

1013 2122 1102 2153 Tuae
1130 2123 1324 2157 sanctitatis.

1001 2279 1063 2311 Ad
1101 2280 1375 2315 Matutinum.

1079 2359 1300 2386 Invitatorium.

960 2446 1130 2480 Hodierna
1157 2449 1212 2481 lux
1241 2450 1305 2482 diei

961 2495 1029 2528 Nos
1055 2497 1172 2530 invitat
1201 2499 1315 2531 laudes
1344 2500 1405 2531 Dei

1010 2546 1170 2580 Cantibus
1199 2549 1397 2589 exprimere,
