1650 2727
187 289 222 322 2.
250 289 370 331 Maria,
397 288 506 329 proles
533 287 633 330 regia,

300 337 458 378 Concepit
482 345 600 369 novum
628 345 737 376 regem

248 385 456 428 virginitatis
479 388 586 426 utero,

298 436 460 468 Miramur
485 443 601 467 novam
630 433 745 476 legem,

251 483 477 525 corruptionis
503 483 614 516 nescia

297 532 405 566 Enixa
430 541 587 564 summum
615 540 734 572 rerum,

248 582 369 615 Pannis
396 580 532 613 involvit
559 581 678 613 vilibus

297 631 411 664 Puella
434 629 542 662 lumen
572 639 693 662 verum.

172 754 227 789 R⁰
244 756 282 789 In
310 756 429 797 gaudio

247 804 297 838 Sit
323 805 442 844 contio,

246 853 411 887 Sollennis
437 855 618 888 modulatio

245 903 355 944 Atque
381 904 500 936 mentis
529 904 669 939 devotio.

829 169 970 205 23—

895 289 927 323 3.
956 287 1067 328 Virgo,
1095 295 1215 326 parens
1241 287 1425 326 mitissima,

1005 335 1168 370 Infantem
1196 336 1321 368 lactans
1349 336 1464 377 Deum,

956 385 1018 426 Qui
1042 386 1129 418 iacet
1155 384 1187 416 in
1214 385 1408 425 praesaepio

1005 433 1187 466 Maerendo
1215 434 1340 473 plasma
1368 443 1468 466 reum.

957 482 1039 514 Vilis
1066 483 1156 514 locus
1184 482 1422 525 praesaepium‚

1003 531 1068 564 Sed
1095 539 1177 571 puer
1202 531 1258 563 ille
1288 531 1390 569 dives,

956 580 1014 613 Cui
1040 584 1174 612 cantant
1201 580 1233 612 in
1256 580 1359 621 gloria

1003 630 1175 663 caelorum
1203 628 1318 661 summi
1347 629 1444 663 cives,

882 755 936 789 R⁰
964 757 1001 789 In
1030 757 1148 798 gaudio

955 806 1004 838 Sit
1031 807 1149 846 contio,

953 855 1116 888 Sollennis
1142 855 1322 888 modulatio

954 905 1061 946 Atque
1089 906 1206 936 mentis
1235 904 1375 938 devotio.

248 1048 340 1085 Trop.
362 1058 415 1077 ms.
437 1050 633 1078 Martialense
655 1058 732 1077 saec.
758 1048 803 1078 12.
824 1048 885 1087 [13.
912 1048 978 1086 l4.].
1001 1051 1073 1078 Cod.
1096 1050 1226 1077 Parisin.
1253 1048 1335 1078 1139.

619 1372 647 1403 8.
689 1371 724 1402 In
750 1371 930 1403 Nativitate
952 1369 1085 1402 Domini.

205 1522 238 1555 1.
265 1522 381 1555 Ortum
407 1519 498 1554 floris

266 1570 425 1604 Concinat
451 1571 522 1603 laus
549 1573 626 1607 oris.

268 1621 332 1653 Vas
361 1620 516 1660 dulcoris,

263 1669 344 1702 Miri
369 1668 428 1702 flos
455 1670 578 1712 odoris,

314 1719 393 1752 Flos
420 1720 538 1751 aetatis

312 1768 490 1809 Novitatis‚

262 1818 388 1850 Radius
415 1818 613 1861 splendoris,

309 1866 360 1900 De
388 1867 492 1900 beatis

311 1917 402 1950 Caeli
429 1917 534 1957 pratis

260 1967 411 1999 Vernans
438 1966 470 1998 in
500 1967 550 1999 his
577 1967 654 2000 oriS.

310 2015 402 2049 Odor
428 2016 661 2059 thymiamatiS‚

311 2065 387 2110 Vas,
416 2065 548 2106 plenum
576 2067 742 2107 aromatis,

309 2114 535 2157 Fontismatis‚

307 2164 521 2206 Baptismatis

258 2214 360 2249 Unda
385 2214 541 2257 purioris,

308 2263 423 2297 Firma
449 2264 530 2297 ratis

309 2312 525 2355 Naufragatis

258 2361 433 2396 Fluctibus
461 2364 595 2403 erroris,

306 2411 415 2445 Datur
439 2413 526 2446 natis

308 2461 401 2494 Evae
427 2462 530 2503 gratis

259 2510 359 2545 Ortus
385 2511 618 2554 redemptoris,

914 1525 946 1556 2.
975 1522 1172 1555 Exardescit

975 1572 1088 1604 Rubus
1118 1581 1177 1603 nec
1205 1572 1355 1611 tabescit,

976 1622 1075 1662 Virga
1102 1622 1219 1653 crescit

973 1673 1085 1703 Aaron
1114 1675 1146 1702 et
1173 1670 1365 1704 frondescit.

1022 1720 1158 1752 Alathia

1023 1769 1118 1803 Canit
1145 1770 1231 1811 quia,

973 1819 1128 1851 Pseustes
1154 1819 1360 1860 obmutescit,

1023 1869 1107 1901 Dum
1135 1868 1256 1909 Maria,

1021 1919 1131 1951 Mater
1158 1918 1222 1960 pia,

972 1968 1073 2000 Partu
1100 1977 1211 2007 parem
1242 1969 1356 2003 nescit,

1023 2018 1152 2050 Patrem
1182 2018 1269 2057 parit
1296 2018 1381 2060 filia3

1021 2067 1169 2099 Naturae
1197 2068 1362 2100 contraria

1020 2117 1102 2149 Sunt
1126 2116 1216 2153 talia,

1020 2166 1085 2199 Sed
1112 2167 1219 2206 gratia

970 2214 1120 2247 Caecitas
1148 2215 1319 2250 decrescit.

1019 2264 1173 2297 Homelia

1019 2313 1198 2355 Prophetia

970 2362 1140 2396 Praesenti
1168 2363 1328 2404 patescit3

1020 2413 1106 2445 Isaia

1019 2461 1118 2494 Teste
1145 2461 1198 2493 via

971 2510 1069 2553 Legis
1095 2510 1282 2544 innotescit.
