1650 2727
115 481 144 512 1.

116 842 147 874 2.

667 140 907 176 „45-

542 354 589 386 53.
630 353 665 386 Iu
687 353 910 395 Assumptione
932 353 1021 386 BMV.

175 479 291 512 Cantat
318 481 420 512 omnis
448 483 607 522 creatura,
818 482 848 513 3.
879 480 1010 513 Christo
1037 481 1104 522 regi
1133 480 1246 512 demus
1273 484 1357 519 tura,

174 530 243 560 Sua
270 530 370 568 refert
394 528 488 561 nobis·
513 529 600 567 iura,
875 530 947 564 Sua
973 529 1072 570 refert
1097 529 1190 562 nobis
1217 529 1305 571 iura,

175 577 239 609 Sua
266 577 358 609 nobis
386 576 487 610 refert
513 578 583 610 iura
878 578 934 611 Pio
962 579 1070 616 corde,
1100 576 1237 621 [mente]
1264 587 1358 620 pura,

223 626 367 666 Virginis
393 626 581 667 assumptio.
924 628 1012 660 Puro
1039 627 1212 660 desiderio.

270 675 308 713 O,
335 684 365 716 ο,
393 675 532 707 Domino
962 676 1000 718 Ο,
1028 685 1059 718 o,
1085 675 1226 708 Domino

224 723 380 756 Concinat
409 723 488 756 haec
515 723 631 758 contio,
927 725 1085 758 Concinat
1110 725 1189 756 haec
1216 725 1334 756 contio.

178 866 183 872 .
239 866 245 872 .
361 864 368 871 .
421 849 478 871 nos
504 849 652 871 mensura
818 842 850 874 4.
879 839 978 873 Dedit
1005 850 1098 873 suum
1125 840 1175 873 ius
1202 846 1328 880 natura,

176 892 246 920 Sua
272 889 371 929 refert
396 888 489 920 nobis
516 889 603 925 iura,
878 888 949 922 Sua
975 890 1073 929 refert
1098 889 1193 922 nobis
1219 890 1308 930 iura,

177 937 246 969 (ibi
271 942 428 978 potusque
455 945 605 969 mensura
880 937 999 970 Rerum
1027 937 1134 970 factor
1159 937 1195 970 fit
1222 937 1350 970 factura

227 985 275 1017 Sit
302 986 333 1017 in
362 986 423 1017 hoe
450 985 628 1017 sollemnio.
928 986 1073 1027 Virginis
1098 987 1131 1018 in
1158 987 1290 1027 gremio.

273 1035 311 1073 O,
338 1045 367 1075 0,
398 1034 535 1066 Domino
975 1035 1014 1075 Ο,
1040 1045 1070 1074 ο,
1101 1035 1236 1067 Domino

226 1083 379 1115 Concinet
409 1084 487 1115 haec
514 1083 631 1116 conti0.
929 1083 1085 1116 Concinat
1109 1084 1189 1116 haec
1216 1085 1332 1117 contio.

200 1199 322 1226 collect.
345 1207 398 1225 ins.
422 1199 549 1225 Maioris
571 1198 747 1226 Monasterii
776 1207 853 1226 saec.
879 1198 951 1227 ¹³lu.
974 1199 1045 1227 Cod.
1068 1199 1217 1227 Turonen-
1239 1198 1296 1227 615
1316 1198 1402 1234 (927).
1425 1213 1462 1218 —-

118 1239 237 1265 Daraus
265 1237 341 1265 auch
369 1237 416 1264 bei
445 1237 632 1268 Luzarches,
660 1237 752 1264 Osfice
781 1237 816 1265 de
840 1238 970 1275 Pfiquos,
1000 1249 1026 1275 p.
1049 1238 1084 1266 41
1113 1249 1140 1266 u.
1162 1239 1191 1271 f.‚
1221 1240 1275 1266 mit
1302 1238 1461 1275 folgenden

116 1277 257 1305 Fehleru:
283 1276 307 1304 l.
329 1274 347 1303 2
370 1276 450 1303 fehlt.
472 1291 509 1294 —-
532 1273 559 1307 2,
583 1276 595 1304 l
620 1276 702 1303 fehlt.
718 1291 754 1295 —
769 1274 800 1308 3,
819 1276 838 1305 3
861 1286 935 1313 pura
956 1278 1039 1305 fehlt.
1054 1292 1090 1297 -ν
1114 1277 1143 1311 4,
1167 1277 1181 1305 1
1204 1277 1295 1306 Dedit
1316 1287 1402 1305 suum
1418 1277 1462 1305 nil

118 1321 232 1343 natura.
255 1331 292 1335 —
314 1316 375 1343 Der
397 1315 666 1342 b'chlussrundreim
691 1315 765 1343 fehlt
785 1317 897 1344 immer.

548 1565 596 1596 54.
641 1567 671 1597 ln
695 1566 918 1607 Assumptione
941 1566 1029 1598 Bnlv.

122 1693 152 1725 1.
181 1691 285 1724 Adest
314 1691 382 1723 dies
409 1691 546 1723 celebris
821 1695 852 1728 2.
881 1692 947 1726 Ubi
972 1699 1086 1734 regnat
1113 1704 1184 1727 cum
1211 1694 1278 1728 tilio

180 1739 316 1772 Decoris
344 1745 375 1772 et
402 1740 545 1772 laetitiae
880 1743 919 1775 In
946 1743 1088 1775 aeternis
1114 1744 1253 1784 gaudiis,

181 1789 324 1830 Virginis
350 1788 486 1827 Mariae,
881 1792 969 1830 Quae
995 1796 1067 1824 orat
1092 1802 1152 1834 pro
1179 1793 1306 1826 miseris

180 1838 267 1877 Quae
293 1842 460 1878 assumpta
487 1838 584 1870 hodie
883 1840 1083 1873 Postulando
1110 1842 1248 1883 veniam,

180 1886 295 1918 Choris
321 1886 363 1918 ab
389 1886 555 1927 angelicis,
882 1888 1067 1930 Largiendo
1092 1891 1243 1932 gratiam.

528 2006 559 2039 3.
587 2004 683 2037 Felix
710 2005 873 2038 caelorum
902 2006 1042 2047 domina,

588 2053 689 2086 Plena
715 2054 864 2094 polorum
889 2055 1028 2098 gaudiis,

586 2103 695 2134 Astris
722 2103 928 2143 praepollens
955 2105 1084 2147 lucidis,

590 2151 647 2183 Pia
674 2151 791 2192 Maria,

587 2201 652 2233 Pro
677 2200 818 2233 literatis

588 2248 664 2281 Tibi
690 2250 815 2289 paratis

589 2297 787 2332 Crucifixum
813 2308 923 2335 exora.

201 2414 322 2443 Collect.
352 2423 405 2442 ms.
436 2414 761 2444 Eberhardiclusanum
793 2425 868 2446 saec.
901 2417 944 2446 15.
976 2419 1046 2446 Cod.
1069 2420 1222 2448 Treviren.
1252 2420 1320 2451 322.
1340 2438 1379 2444 —
1400 2422 1428 2453 2.
1452 2425 1467 2454 1

124 2463 240 2492 regnas.
263 2469 299 2473 —
321 2452 348 2487 2,
371 2454 388 2482 5
416 2454 642 2490 indulgentiam.
665 2469 701 2474 ——
723 2454 749 2489 3,
775 2455 787 2484 1
812 2456 837 2484 O
863 2457 942 2485 felix.
967 2472 1003 2478 -—
1023 2457 1051 2493 3,
1072 2457 1091 2488 3
1111 2461 1210 2488 Astris
1239 2462 1408 2498 pollenciis.
1429 2480 1469 2484 —

124 2494 209 2522 Nach
231 2492 258 2529 3,
281 2493 298 2521 5
320 2493 437 2523 scheint
458 2493 521 2522 dies
543 2495 617 2522 Lied
641 2503 694 2522 aus
717 2495 850 2524 sssshmen
872 2506 908 2525 zu
930 2501 1082 2527 stammen.
1123 2500 1192 2537 Vgl.
1213 2502 1302 2531 Anal.
1323 2504 1346 2538 I,
1368 2502 1415 2532 27.
