1650 2727
684 159 950 198 —125-

177 258 211 294 3.
238 258 278 291 1n
304 255 416 290 furore
440 257 540 290 iudex
567 262 683 295 motus.

236 305 351 338 Mente
375 314 474 339 caeca
499 310 614 346 captus
640 310 729 339 totus

282 354 453 396 Virginem
479 355 669 395 exspoliari,

285 404 432 445 Quatuor
456 403 547 436 iubet
573 403 720 443 mactari,

332 452 559 486 Ministrorum
586 451 747 486 manibus.

198 527 207 536 .
232 503 271 536 In
298 501 469 534 tormentis
495 501 586 534 vultu
612 502 700 534 laeta

233 551 365 584 Domini
392 549 499 582 stabat
526 550 651 583 athleta

332 599 439 632 Nullis
465 599 555 632 laesa
582 598 750 633 caedibuS.

199 703 207 712 .
235 676 427 711 Praefectus
454 677 560 719 coepit
589 676 730 710 fremere

232 726 275 760 Se
300 727 413 759 volens
437 726 628 759 interimere

281 775 406 809 Caecus
431 775 613 817 iracundia,

231 824 396 858 Mandans
421 825 531 857 statim
557 824 636 856 viris
663 824 730 856 illis

231 873 364 906 Nudam
391 876 536 914 appendi
564 874 694 914 capillis

280 922 342 955 Die
368 922 438 955 fere
464 922 583 956 media.

194 997 203 1005 .
228 972 320 1004 Dura
347 977 501 1013 quassata
528 972 673 1013 procella

231 1022 357 1056 Cuncta
383 1021 504 1053 tolerat
530 1021 639 1062 puella

281 1070 370 1102 Mira
396 1070 566 1111 patientia.

240 1217 287 1250 In
324 1218 356 1251 2.
394 1215 630 1250 Nocturno.

332 1294 532 1330 Antiphonae.

192 1408 200 1417 .
228 1383 459 1416 Fundamenta
484 1384 595 1424 posuit

276 1431 396 1465 Sancta
423 1434 545 1465 sanctis
571 1433 747 1474 montibus,

226 1481 340 1515 Oleum
368 1482 448 1514 haec
474 1482 588 1514 habuit

276 1531 407 1564 Intrans
439 1539 510 1563 cum
542 1530 771 1572 prudentibus.

188 1654 196 1663 .
224 1629 362 1663 Cantate
389 1629 458 1671 regi
486 1629 658 1670 virginum,

272 1678 384 1711 Omnis
410 1682 510 1719 terra,
541 1680 716 1720 canticum,

222 1729 315 1762 Haec
325 1731 436 1760 sancta
447 1732 584 1769 propter
595 1728 770 1762 Dominum

272 1776 390 1810 Carnis
417 1777 531 1810 vitavit
558 1777 731 1812 lubricum.

186 1903 194 1912 .
222 1876 379 1909 Dominus
406 1876 568 1917 sapientia

270 1925 484 1967 Triumphum
514 1925 605 1958 dedit
633 1926 751 1967 virgini

219 1974 271 2008 De
294 1975 407 2008 mundi
433 1975 559 2008 malitia

269 2023 462 2057 Sanctorum
480 2025 617 2067 iungens
632 2024 765 2067 agmini.

184 2147 193 2157 .
220 2122 358 2157 Cantate
384 2123 557 2166 mirabilia,

267 2171 356 2212 Quae
380 2173 538 2206 Dominus
565 2173 721 2214 ostendit,

217 2221 302 2255 Dum
329 2226 447 2256 cuncta
474 2223 618 2256 visibilia

266 2270 398 2315 Martyr
423 2272 504 2305 haec
532 2273 717 2313 vilipendit.

179 2395 189 2406 .
215 2370 374 2404 Dominus
400 2371 599 2414 glorificavit

264 2420 303 2454 In
329 2425 464 2454 aeterno
490 2421 572 2454 solio

214 2470 395 2512 Virginem,
422 2479 506 2512 quae
533 2469 750 2512 triumphavit

265 2519 429 2562 Perpessi>
455 2519 632 2564 supplicio.

1063 257 1275 292 Responsoria.

883 318 915 350 1.
942 316 1116 356 Tyrannus
1143 315 1245 357 magis
1269 317 1417 347 saeviens

940 365 1048 398 Illatis
1076 364 1122 397 nil
1149 363 1324 405 proficiens

990 413 1175 445 Tormentis
1202 410 1413 458 [crudelius]‚

941 462 1046 494 Ollam
1074 462 1199 503 plumbi
1227 461 1397 493 bullientis

939 511 1045 552 Super
1071 515 1168 551 caput
1197 510 1351 551 patientis

989 559 1098 593 Fundi
1125 560 1258 591 iubebat
1285 558 1427 600 saepius,

869 608 910 643 V.
940 609 1080 642 Poenam
1108 609 1249 640 libenter
1276 609 1414 649 patiens,

939 657 1003 691 Pro
1031 657 1161 690 Christo
1188 657 1269 689 mori
1298 656 1432 698 cupiens

986 707 1041 739 Nil
1068 707 1243 747 reputabat
1270 707 1388 738 carius.

877 797 909 830 2.
938 795 1091 836 Religata
1117 799 1191 835 post
1218 795 1342 827 catenis

936 844 1149 878 Reservanda
1177 844 1269 876 novis
1298 842 1410 884 poenis

939 892 1094 939 [Iuliana]
1122 893 1287 934 ergastulo

937 942 1044 976 Datur
1069 942 1270 975 adminiculo

986 991 1122 1024 Sublato
1151 992 1387 1030 ministrantis·7

869 1040 907 1074 V.
936 1040 1009 1073 Non
1039 1039 1141 1072 defuit
1168 1040 1289 1072 solacio

936 1089 1057 1122 Divina
1084 1089 1250 1121 miseratio

986 1138 1105 1179 Angeli
1133 1138 1342 1170 consolantis.

874 1228 906 1261 3.
936 1226 1040 1259 Nocte
1065 1227 1165 1260 Satan
1194 1226 1336 1265 veniens,

934 1276 1096 1316 Angelum
1122 1285 1157 1307 se
1185 1276 1346 1307 mentiens

983 1325 1120 1363 Bonum,
1150 1325 1228 1357 dicit
1256 1324 1353 1357 talia:

933 1376 999 1409 Cur
1025 1378 1091 1406 tam
1120 1374 1201 1407 dura
1228 1374 1381 1415 pateris?

931 1423 1011 1456 Tuis
1037 1423 1190 1456 membris
1219 1423 1339 1455 teneris

981 1471 1062 1504 Sunt
1089 1473 1169 1504 haec
1196 1471 1292 1505 nimis
1319 1471 1443 1513 gravia.

860 1521 899 1555 V.
927 1521 1058 1554 Christo
1082 1522 1213 1563 placent
1241 1522 1372 1553 minime

929 1571 1000 1603 Nec
1025 1575 1099 1603 tuae
1127 1576 1261 1611 prosunt
1290 1571 1419 1603 animae

981 1620 1142 1660 Perpessa
1167 1620 1342 1662 supplicia.

868 1710 901 1742 4.
930 1708 1102 1741 Dubitavit
1130 1710 1292 1750 primitus,

929 1758 994 1791 Sed
1023 1759 1159 1791 docetur
1185 1758 1320 1792 caelitus

977 1807 1104 1848 Capere
1133 1808 1357 1849 daemoninm3

928 1857 1126 1898 Interrogat,
1155 1858 1230 1898 quid
1259 1856 1397 1898 ageret?
1431 1876 1479 1880 —

927 1906 1021 1947 Quod
1050 1907 1194 1939 homines
1223 1907 1402 1949 deciperet,

976 1955 1048 1988 Hoc
1075 1966 1168 1989 suum
1195 1956 1350 1989 osticium.

856 2005 896 2039 V.
922 2006 1023 2038 Amat
1050 2005 1193 2045 fraudes,
1221 2006 1307 2050 odia,

926 2055 1098 2097 Quaelibet
1125 2056 1274 2088 convicia

976 2104 1092 2137 Nutrit
1117 2114 1190 2137 cum
1218 2105 1396 2138 discordia.

963 2231 1008 2265 In
1045 2234 1078 2267 3.
1114 2232 1353 2268 Nocturno.

1051 2301 1097 2329 Ad
1119 2301 1253 2329 Cantica.

851 2371 894 2404 A.
921 2370 1020 2412 Quasi
1048 2380 1123 2404 rosa
1150 2371 1202 2403 vel
1228 2370 1333 2403 lilium

926 2420 1082 2453 Plantata
1107 2429 1201 2453 secus
1228 2419 1361 2453 fluvium

925 2469 1068 2503 Fructus
1095 2468 1174 2502 fecit
1200 2470 1381 2503 honestatis

926 2519 1022 2553 Viam
1048 2528 1185 2552 servans
1211 2519 1378 2560 puritatis.
