1650 2727
709 143 978 179 —109—

535 241 567 275 8.
595 237 728 275 Summe
754 241 840 284 Iesu,

643 290 759 322 matris
784 290 973 330 precamine

592 338 697 371 Nobis
723 338 757 370 in
783 337 855 371 diro

643 387 747 420 servis
773 387 922 419 examine

594 435 742 478 Placare,
770 444 829 468 rex
855 439 1052 478 sanctorum,

595 483 750 517 Coetibus
776 484 835 517 ad-

641 533 738 572 iunge
766 533 935 565 beatorum

592 581 712 613 Matris
737 590 796 622 per
821 582 985 624 iuvamen,

591 629 642 662 Da
668 629 728 662 tibi
754 638 960 671 conregnem.
988 630 1105 663 Amen.

246 710 333 735 Cant.
368 716 421 735 ηις.
453 707 606 742 Pragense
630 706 815 739 (Wenceslai
848 707 884 735 de
913 706 1096 743 Wyskytna]
1127 707 1198 734 anni
1234 704 1314 733 1512.
1348 705 1418 733 (jod.
1446 707 1524 734 Mus.

163 747 286 776 Bohem.
308 747 385 774 XIII
406 747 431 773 A
459 745 485 774 2.
514 761 552 765 —-
580 744 613 779 3,
645 745 658 774 1
683 746 774 774 Ortus
797 748 871 773 statt
892 745 1008 774 Hortus
1035 745 1146 774 fordert
1167 747 1220 773 das
1244 745 1459 772 Akrostichon.
1486 761 1522 765 —

164 785 200 820 3,
223 785 240 814 7
262 790 291 814 te
313 786 396 814 fehlt.
419 801 456 804 —
479 785 507 819 5,
530 784 547 813 5
568 786 710 814 Laudant
738 788 767 814 te
789 788 826 813 et.
848 801 887 806 —
904 783 933 818 8,
955 784 973 813 9
997 794 1223 821 conregnemus.
1248 799 1283 803 —
1306 784 1522 812 Akrostichon:

163 826 367 863 Georgius.

614 909 677 942 130.
723 911 765 942 De
789 909 888 943 beata
910 911 1013 942 Maria
1034 910 1070 941 V.

204 994 236 1028 1.
265 993 463 1033 Imperatrix
492 993 632 1034 egregia,
913 995 945 1028 2.
973 994 1055 1033 Ave,
1086 993 1183 1034 plena
1210 994 1245 1022 tu
1271 991 1406 1033 gratiae,

313 1043 412 1084 Virgo
438 1042 591 1083 gloriosa,
1021 1043 1117 1074 Salus
1145 1040 1366 1078 humanitatis,

266 1094 342 1126 Iesu
369 1091 492 1127 Christi
519 1094 624 1123 mater
649 1091 705 1132 pia
973 1091 1022 1124 Tu
1050 1094 1216 1130 sceptrum
1245 1089 1329 1130 regis
1359 1089 1491 1132 gloriae,

311 1141 354 1173 Et
381 1141 567 1181 imperiosa.
1022 1140 1111 1173 Arca
1138 1139 1280 1179 deitatis,

197 1218 238 1254 R.
266 1220 292 1253 Ο
321 1219 425 1252 dulcis
451 1219 570 1259 Maria,
906 1218 946 1252 R.
975 1219 1043 1252 Fac
1070 1227 1128 1249 nos
1154 1225 1225 1249 esse
1252 1217 1346 1248 mites

267 1269 491 1301 Interventrix
519 1269 584 1308 dia,
972 1268 1111 1308 Semper
1137 1270 1169 1298 et
1196 1266 1345 1303 humiles,

265 1318 347 1355 Lux,
375 1326 492 1350 serena
518 1316 654 1356 flebiles,
972 1318 1125 1350 Potestas
1154 1316 1270 1347 summi
1294 1315 1366 1357 Dei,

263 1365 389 1399 Refove
415 1376 473 1399 nos
501 1366 636 1408 debiles,
969 1365 1169 1405 Miserorum
1197 1368 1313 1396 sancta
1338 1372 1424 1405 speS‚

261 1416 437 1449 Advocata
462 1416 528 1457 pia.
971 1417 1073 1455 Iunge
1100 1424 1169 1453 nos,
1198 1413 1253 1445 ubi
1280 1417 1315 1444 tu
1344 1422 1389 1446 eS.

553 1496 585 1528 3.
613 1494 780 1526 Memento
806 1493 920 1533 nostri,
947 1501 1157 1533 quaesumus,

662 1543 866 1584 Praeelecta,
893 1546 1016 1583 saneta,

615 1592 661 1626 Ut
686 1596 761 1624 tuus
788 1592 1025 1633 primogenitus

663 1643 781 1675 Pareat
807 1646 920 1673 nostra
946 1644 1094 1683 peccata,

533 1719 589 1753 R0
615 1720 641 1754 Ο
671 1721 763 1761 virgo
789 1720 961 1761 virginum,

613 1769 727 1803 Exora
751 1769 940 1807 Dominum,

615 1820 661 1854 Ut
687 1829 746 1852 nos
771 1819 836 1852 tuis
863 1818 1017 1859 precibus

615 1869 743 1902 Locans
769 1869 803 1901 in
831 1867 1027 1901 caelestibus

615 1918 720 1960 Regni
748 1918 805 1951 det
831 1918 958 1952 solium.

243 1997 329 2025 Cant.
361 2006 416 2025 ms.
448 1998 598 2032 Pragense
625 1996 811 2029 (wenceslai
842 1995 878 2023 de
909 1995 1092 2031 VVyskytna)
1122 1996 1195 2022 anni
1229 1992 1312 2022 1512.
1343 1994 1415 2023 Cod.
1444 1995 1523 2023 Mus.

158 2036 284 2067 Bohem.
305 2037 382 2066 XIII
403 2036 428 2065 A
449 2034 477 2064 2.

617 2123 672 2154 131.
715 2122 759 2154 De
781 2122 879 2154 beata
902 2121 1006 2154 Maria
1028 2120 1063 2152 V.

199 2207 233 2240 1.
262 2207 331 2239 Iam
358 2206 601 2247 praestolantes
628 2205 778 2247 gloriam,
912 2206 944 2238 2.
973 2204 1056 2238 Nam
1093 2204 1230 2244 mystice
1261 2213 1356 2246 quem
1384 2204 1521 2245 ceperit,

308 2254 501 2300 Victoriam,
1020 2254 1118 2286 Hune
1144 2254 1273 2295 peperit

357 2303 498 2345 Surgite,
1070 2303 1190 2345 Maria,

262 2353 366 2388 Clara
393 2353 463 2386 dies
487 2353 612 2396 illuxit,
973 2352 1145 2386 Caelorum
1172 2361 1285 2385 verum
1312 2351 1434 2391 lumen,

259 2403 381 2436 Atrum
406 2405 535 2436 noctem
562 2402 738 2442 destruxit,
972 2403 1035 2442 En,
1063 2401 1248 2443 pneumatis
1275 2409 1335 2443 per
1363 2409 1492 2441 numen,

261 2451 308 2485 Et
333 2451 455 2485 nebula
478 2451 678 2494 propellitur
973 2451 1033 2485 Cui
1060 2451 1146 2484 dixit
1171 2450 1309 2484 Gabriel

311 2500 356 2535 Et
381 2501 499 2535 umbra
523 2501 705 2534 terrestris.
1023 2500 1171 2542 Angelus
1198 2499 1367 2534 caelestis:
