<?xml version="1.0" encoding="UTF-8"?>
<!DOCTYPE html PUBLIC "-//W3C//DTD XHTML 1.0 Transitional//EN"
    "http://www.w3.org/TR/xhtml1/DTD/xhtml1-transitional.dtd">
<html xmlns="http://www.w3.org/1999/xhtml" xml:lang="en" lang="en">
 <head>
  <title>
</title>
<meta http-equiv="Content-Type" content="text/html;charset=utf-8" />
  <meta name='ocr-system' content='tesseract 3.04.00' />
  <meta name='ocr-capabilities' content='ocr_page ocr_carea ocr_par ocr_line ocrx_word'/>
</head>
<body>
  <div class='ocr_page' id='page_1' title='image "./analectahymnica45drevuoft/analectahymnica45drevuoft_0291.png"; bbox 0 0 1650 2727; ppageno 0'>
   <div class='ocr_carea' id='block_1_1' title="bbox 720 136 956 171">
    <p class='ocr_par' dir='ltr' id='par_1_1' title="bbox 720 136 956 171">
     <span class='ocr_line' id='line_1_1' title="bbox 720 136 956 171; baseline 0.008 -13"><span class='ocrx_word' id='word_1_1' title='bbox 720 136 956 171; x_wconf 71' lang='lat'>-76-</span> 
     </span>
    </p>
   </div>
   <div class='ocr_carea' id='block_1_2' title="bbox 509 231 1239 371">
    <p class='ocr_par' dir='ltr' id='par_1_2' title="bbox 509 231 1239 371">
     <span class='ocr_line' id='line_1_2' title="bbox 509 231 1043 275; baseline 0.006 -12"><span class='ocrx_word' id='word_1_2' title='bbox 509 231 668 264; x_wconf 86' lang='lat' dir='ltr'><strong>Maiorem</strong></span> <span class='ocrx_word' id='word_1_3' title='bbox 696 232 873 273; x_wconf 84' lang='lat' dir='ltr'>degenerat</span> <span class='ocrx_word' id='word_1_4' title='bbox 897 236 1043 275; x_wconf 81' lang='lat' dir='ltr'><strong>potestas</strong></span> 
     </span>
     <span class='ocr_line' id='line_1_3' title="bbox 511 280 1070 324; baseline 0.004 -12"><span class='ocrx_word' id='word_1_5' title='bbox 511 280 562 312; x_wconf 91' lang='lat' dir='ltr'><strong>Ob</strong></span> <span class='ocrx_word' id='word_1_6' title='bbox 587 281 734 314; x_wconf 78' lang='lat' dir='ltr'>thesauri</span> <span class='ocrx_word' id='word_1_7' title='bbox 759 283 890 324; x_wconf 83' lang='lat' dir='ltr'><strong>regulas</strong></span> <span class='ocrx_word' id='word_1_8' title='bbox 915 283 1070 324; x_wconf 82' lang='lat' dir='ltr'><strong>incestas,</strong></span> 
     </span>
     <span class='ocr_line' id='line_1_4' title="bbox 562 329 1239 371; baseline 0.001 -9"><span class='ocrx_word' id='word_1_9' title='bbox 562 329 632 362; x_wconf 89' lang='lat' dir='ltr'><strong>Nec</strong></span> <span class='ocrx_word' id='word_1_10' title='bbox 658 333 708 362; x_wconf 83' lang='lat' dir='ltr'><strong>est</strong></span> <span class='ocrx_word' id='word_1_11' title='bbox 732 330 814 363; x_wconf 89' lang='lat' dir='ltr'><strong>alia:</strong></span> <span class='ocrx_word' id='word_1_12' title='bbox 845 343 866 363; x_wconf 62' lang='lat' dir='ltr'><strong>-k</strong></span> <span class='ocrx_word' id='word_1_13' title='bbox 891 332 919 364; x_wconf 90' lang='lat' dir='ltr'><strong>si</strong></span> <span class='ocrx_word' id='word_1_14' title='bbox 946 331 1015 371; x_wconf 89' lang='lat' dir='ltr'><strong>das,</strong></span> <span class='ocrx_word' id='word_1_15' title='bbox 1043 331 1105 363; x_wconf 82' lang='lat' dir='ltr'><strong>tibi</strong></span> <span class='ocrx_word' id='word_1_16' title='bbox 1132 332 1239 364; x_wconf 82' lang='lat' dir='ltr'><strong>datur.</strong></span> 
     </span>
    </p>
   </div>
   <div class='ocr_carea' id='block_1_3' title="bbox 453 425 1257 662">
    <p class='ocr_par' dir='ltr' id='par_1_3' title="bbox 453 425 1257 662">
     <span class='ocr_line' id='line_1_5' title="bbox 453 425 1153 467; baseline 0.003 -9"><span class='ocrx_word' id='word_1_17' title='bbox 453 431 484 460; x_wconf 69' lang='lat'><strong>0&#39;.</strong></span> <span class='ocrx_word' id='word_1_18' title='bbox 511 427 596 459; x_wconf 88' lang='lat' dir='ltr'><strong>Nam</strong></span> <span class='ocrx_word' id='word_1_19' title='bbox 623 427 845 467; x_wconf 81' lang='lat' dir='ltr'><strong>apostolorum</strong></span> <span class='ocrx_word' id='word_1_20' title='bbox 870 428 976 461; x_wconf 89' lang='lat' dir='ltr'><strong>maior</strong></span> <span class='ocrx_word' id='word_1_21' title='bbox 1001 432 1090 465; x_wconf 84' lang='lat' dir='ltr'><strong>natu.</strong></span> <span class='ocrx_word' id='word_1_22' title='bbox 1147 425 1153 429; x_wconf 76' lang='lat'>&#39;</span> 
     </span>
     <span class='ocr_line' id='line_1_6' title="bbox 513 477 1071 518; baseline -0.002 -9"><span class='ocrx_word' id='word_1_23' title='bbox 513 477 639 517; x_wconf 87' lang='lat' dir='ltr'><strong>Petrus,</strong></span> <span class='ocrx_word' id='word_1_24' title='bbox 667 477 787 517; x_wconf 84' lang='lat' dir='ltr'><strong>degens</strong></span> <span class='ocrx_word' id='word_1_25' title='bbox 813 478 847 509; x_wconf 93' lang='lat' dir='ltr'><strong>in</strong></span> <span class='ocrx_word' id='word_1_26' title='bbox 872 477 1071 518; x_wconf 78' lang='lat' dir='ltr'><strong>apostolatu,</strong></span> 
     </span>
     <span class='ocr_line' id='line_1_7' title="bbox 511 525 952 567; baseline 0.002 -10"><span class='ocrx_word' id='word_1_27' title='bbox 511 525 585 557; x_wconf 90' lang='lat' dir='ltr'><strong>Non</strong></span> <span class='ocrx_word' id='word_1_28' title='bbox 612 525 691 557; x_wconf 88' lang='lat' dir='ltr'><strong>vixit</strong></span> <span class='ocrx_word' id='word_1_29' title='bbox 719 525 752 557; x_wconf 90' lang='lat' dir='ltr'><strong>in</strong></span> <span class='ocrx_word' id='word_1_30' title='bbox 779 530 952 567; x_wconf 86' lang='lat' dir='ltr'><strong>apparatu,</strong></span> 
     </span>
     <span class='ocr_line' id='line_1_8' title="bbox 513 574 1053 615; baseline -0.002 -9"><span class='ocrx_word' id='word_1_31' title='bbox 513 574 666 606; x_wconf 85' lang='lat' dir='ltr'><strong>Pastores</strong></span> <span class='ocrx_word' id='word_1_32' title='bbox 692 578 728 605; x_wconf 84' lang='lat' dir='ltr'><strong>ut</strong></span> <span class='ocrx_word' id='word_1_33' title='bbox 752 574 814 606; x_wconf 92' lang='lat' dir='ltr'><strong>hoc</strong></span> <span class='ocrx_word' id='word_1_34' title='bbox 839 575 873 606; x_wconf 93' lang='lat' dir='ltr'><strong>in</strong></span> <span class='ocrx_word' id='word_1_35' title='bbox 899 574 1053 615; x_wconf 86' lang='lat' dir='ltr'>incolatu,</span> 
     </span>
     <span class='ocr_line' id='line_1_9' title="bbox 564 621 1257 662; baseline 0 -8"><span class='ocrx_word' id='word_1_36' title='bbox 564 623 602 654; x_wconf 90' lang='lat' dir='ltr'><strong>In</strong></span> <span class='ocrx_word' id='word_1_37' title='bbox 631 621 800 662; x_wconf 86' lang='lat' dir='ltr'><strong>discipulis</strong></span> <span class='ocrx_word' id='word_1_38' title='bbox 829 635 849 654; x_wconf 68' lang='lat' dir='ltr'><strong>-ie</strong></span> <span class='ocrx_word' id='word_1_39' title='bbox 877 624 939 656; x_wconf 88' lang='lat' dir='ltr'><strong>hoc</strong></span> <span class='ocrx_word' id='word_1_40' title='bbox 965 627 1013 654; x_wconf 88' lang='lat' dir='ltr'><strong>est</strong></span> <span class='ocrx_word' id='word_1_41' title='bbox 1039 621 1257 654; x_wconf 68' lang='lat' dir='ltr'><strong>manifestum.</strong></span> 
     </span>
    </p>
   </div>
   <div class='ocr_carea' id='block_1_4' title="bbox 513 719 1238 947">
    <p class='ocr_par' dir='ltr' id='par_1_4' title="bbox 513 719 1238 947">
     <span class='ocr_line' id='line_1_10' title="bbox 517 719 1031 761; baseline -0.002 -9"><span class='ocrx_word' id='word_1_42' title='bbox 517 720 594 752; x_wconf 91' lang='lat' dir='ltr'><strong>Ovis</strong></span> <span class='ocrx_word' id='word_1_43' title='bbox 621 720 654 751; x_wconf 92' lang='lat' dir='ltr'><strong>in</strong></span> <span class='ocrx_word' id='word_1_44' title='bbox 681 719 759 750; x_wconf 90' lang='lat' dir='ltr'><strong>ovili</strong></span> <span class='ocrx_word' id='word_1_45' title='bbox 785 729 847 752; x_wconf 91' lang='lat' dir='ltr'><strong>non</strong></span> <span class='ocrx_word' id='word_1_46' title='bbox 875 724 924 752; x_wconf 87' lang='lat' dir='ltr'><strong>est</strong></span> <span class='ocrx_word' id='word_1_47' title='bbox 950 723 1031 761; x_wconf 84' lang='lat' dir='ltr'><strong>tuta,</strong></span> 
     </span>
     <span class='ocr_line' id='line_1_11' title="bbox 516 767 1042 808; baseline 0 -8"><span class='ocrx_word' id='word_1_48' title='bbox 516 769 598 808; x_wconf 85' lang='lat' dir='ltr'><strong>Quia</strong></span> <span class='ocrx_word' id='word_1_49' title='bbox 624 767 714 800; x_wconf 87' lang='lat' dir='ltr'><strong>timet</strong></span> <span class='ocrx_word' id='word_1_50' title='bbox 741 768 874 801; x_wconf 79' lang='lat' dir='ltr'><strong>victima</strong></span> <span class='ocrx_word' id='word_1_51' title='bbox 899 772 1042 806; x_wconf 84' lang='lat' dir='ltr'><strong>versuta,</strong></span> 
     </span>
     <span class='ocr_line' id='line_1_12' title="bbox 518 816 932 856; baseline 0.007 -10"><span class='ocrx_word' id='word_1_52' title='bbox 518 816 634 849; x_wconf 85' lang='lat' dir='ltr'><strong>Facies</strong></span> <span class='ocrx_word' id='word_1_53' title='bbox 661 816 768 856; x_wconf 77' lang='lat' dir='ltr'><strong>Moysi</strong></span> <span class='ocrx_word' id='word_1_54' title='bbox 796 821 932 850; x_wconf 89' lang='lat' dir='ltr'><strong>cornuta</strong></span> 
     </span>
     <span class='ocr_line' id='line_1_13' title="bbox 513 865 1002 902; baseline 0 -6"><span class='ocrx_word' id='word_1_55' title='bbox 513 865 616 897; x_wconf 86' lang='lat' dir='ltr'><strong>Facta</strong></span> <span class='ocrx_word' id='word_1_56' title='bbox 642 865 738 896; x_wconf 88' lang='lat' dir='ltr'><strong>nimis</strong></span> <span class='ocrx_word' id='word_1_57' title='bbox 764 866 867 897; x_wconf 83' lang='lat' dir='ltr'><strong>oculis</strong></span> <span class='ocrx_word' id='word_1_58' title='bbox 894 868 1002 902; x_wconf 81' lang='lat' dir='ltr'><strong>acuta,</strong></span> 
     </span>
     <span class='ocr_line' id='line_1_14' title="bbox 565 912 1238 947; baseline -0.001 -1"><span class='ocrx_word' id='word_1_59' title='bbox 565 913 769 946; x_wconf 73' lang='lat' dir='ltr'><strong>Intuentibus</strong></span> <span class='ocrx_word' id='word_1_60' title='bbox 798 926 819 944; x_wconf 66' lang='lat' dir='ltr'><strong>-ie</strong></span> <span class='ocrx_word' id='word_1_61' title='bbox 845 914 940 947; x_wconf 84' lang='lat' dir='ltr'><strong>iubar</strong></span> <span class='ocrx_word' id='word_1_62' title='bbox 966 912 1031 945; x_wconf 88' lang='lat' dir='ltr'><strong>fert</strong></span> <span class='ocrx_word' id='word_1_63' title='bbox 1057 914 1167 945; x_wconf 64' lang='lat' dir='ltr'><strong>molest</strong></span> <span class='ocrx_word' id='word_1_64' title='bbox 1201 922 1238 945; x_wconf 75' lang='lat' dir='ltr'><strong>zu.</strong></span> 
     </span>
    </p>
   </div>
   <div class='ocr_carea' id='block_1_5' title="bbox 516 1010 1208 1143">
    <p class='ocr_par' dir='ltr' id='par_1_5' title="bbox 516 1010 1208 1143">
     <span class='ocr_line' id='line_1_15' title="bbox 516 1010 1012 1053; baseline 0 -11"><span class='ocrx_word' id='word_1_65' title='bbox 516 1010 588 1043; x_wconf 81' lang='lat' dir='ltr'><strong>Tibi</strong></span> <span class='ocrx_word' id='word_1_66' title='bbox 617 1010 676 1042; x_wconf 88' lang='lat' dir='ltr'><strong>soli</strong></span> <span class='ocrx_word' id='word_1_67' title='bbox 705 1010 775 1042; x_wconf 91' lang='lat' dir='ltr'><strong>Deo</strong></span> <span class='ocrx_word' id='word_1_68' title='bbox 802 1010 864 1043; x_wconf 91' lang='lat' dir='ltr'><strong>hoc</strong></span> <span class='ocrx_word' id='word_1_69' title='bbox 890 1010 1012 1053; x_wconf 85' lang='lat' dir='ltr'><strong>revelo,</strong></span> 
     </span>
     <span class='ocr_line' id='line_1_16' title="bbox 518 1058 1068 1101; baseline -0.002 -10"><span class='ocrx_word' id='word_1_70' title='bbox 518 1059 613 1091; x_wconf 72' lang='lat' dir='ltr'><strong>(lero</strong></span> <span class='ocrx_word' id='word_1_71' title='bbox 640 1058 691 1090; x_wconf 87' lang='lat' dir='ltr'><strong>fer</strong></span> <span class='ocrx_word' id='word_1_72' title='bbox 716 1059 872 1091; x_wconf 83' lang='lat' dir='ltr'><strong>auxilium</strong></span> <span class='ocrx_word' id='word_1_73' title='bbox 901 1060 941 1092; x_wconf 91' lang='lat' dir='ltr'><strong>de</strong></span> <span class='ocrx_word' id='word_1_74' title='bbox 968 1059 1068 1101; x_wconf 82' lang='lat' dir='ltr'><strong>caelo,</strong></span> 
     </span>
     <span class='ocr_line' id='line_1_17' title="bbox 566 1108 1208 1143; baseline 0.003 -3"><span class='ocrx_word' id='word_1_75' title='bbox 566 1108 790 1140; x_wconf 85' lang='lat' dir='ltr'><strong>Tributarium</strong></span> <span class='ocrx_word' id='word_1_76' title='bbox 820 1120 840 1138; x_wconf 56' lang='grc' dir='ltr'>κ</span> <span class='ocrx_word' id='word_1_77' title='bbox 868 1113 903 1140; x_wconf 88' lang='lat' dir='ltr'><strong>ut</strong></span> <span class='ocrx_word' id='word_1_78' title='bbox 929 1108 1047 1140; x_wconf 76' lang='lat' dir='ltr'><strong>evadat</strong></span> <span class='ocrx_word' id='word_1_79' title='bbox 1074 1113 1208 1143; x_wconf 80' lang='lat' dir='ltr'><strong>aestum.</strong></span> 
     </span>
    </p>
   </div>
   <div class='ocr_carea' id='block_1_6' title="bbox 167 1203 1525 1360">
    <p class='ocr_par' dir='ltr' id='par_1_6' title="bbox 167 1203 1525 1360">
     <span class='ocr_line' id='line_1_18' title="bbox 250 1203 1522 1241; baseline 0.002 -13"><span class='ocrx_word' id='word_1_80' title='bbox 250 1203 373 1231; x_wconf 70' lang='lat' dir='ltr'><strong>Colles-t.</strong></span> <span class='ocrx_word' id='word_1_81' title='bbox 404 1213 457 1230; x_wconf 69' lang='lat' dir='ltr'><strong>ms,</strong></span> <span class='ocrx_word' id='word_1_82' title='bbox 480 1205 664 1232; x_wconf 61' lang='lat' dir='ltr'><strong>Stiriacense</strong></span> <span class='ocrx_word' id='word_1_83' title='bbox 693 1214 771 1231; x_wconf 81' lang='lat' dir='ltr'><strong>saec.</strong></span> <span class='ocrx_word' id='word_1_84' title='bbox 797 1203 840 1232; x_wconf 86' lang='lat'><strong>15.</strong></span> <span class='ocrx_word' id='word_1_85' title='bbox 864 1205 936 1233; x_wconf 80' lang='lat' dir='ltr'><strong>cod.</strong></span> <span class='ocrx_word' id='word_1_86' title='bbox 959 1205 1117 1233; x_wconf 81' lang='lat' dir='ltr'><strong>Stiriaeen.</strong></span> <span class='ocrx_word' id='word_1_87' title='bbox 1139 1206 1173 1233; x_wconf 89' lang='lat' dir='ltr'><strong>L.</strong></span> <span class='ocrx_word' id='word_1_88' title='bbox 1196 1203 1233 1233; x_wconf 74' lang='lat'><strong>26</strong></span> <span class='ocrx_word' id='word_1_89' title='bbox 1253 1204 1289 1236; x_wconf 85' lang='lat' dir='ltr'><strong>(s.</strong></span> <span class='ocrx_word' id='word_1_90' title='bbox 1311 1208 1358 1237; x_wconf 86' lang='lat' dir='ltr'><strong>n.).</strong></span> <span class='ocrx_word' id='word_1_91' title='bbox 1380 1221 1418 1225; x_wconf 89' lang='lat'><strong>—</strong></span> <span class='ocrx_word' id='word_1_92' title='bbox 1442 1206 1473 1241; x_wconf 81' lang='lat'><strong>1⁷</strong></span> <span class='ocrx_word' id='word_1_93' title='bbox 1504 1205 1522 1234; x_wconf 86' lang='lat'>5</span> 
     </span>
     <span class='ocr_line' id='line_1_19' title="bbox 170 1241 1520 1280; baseline 0.003 -10"><span class='ocrx_word' id='word_1_94' title='bbox 170 1245 309 1279; x_wconf 72' lang='lat' dir='ltr'><strong>perisma.</strong></span> <span class='ocrx_word' id='word_1_95' title='bbox 341 1257 376 1262; x_wconf 42' lang='lat' dir='ltr'><strong>—e</strong></span> <span class='ocrx_word' id='word_1_96' title='bbox 405 1242 438 1275; x_wconf 66' lang='lat'><strong>⁴2,</strong></span> <span class='ocrx_word' id='word_1_97' title='bbox 466 1243 484 1270; x_wconf 83' lang='lat'>4</span> <span class='ocrx_word' id='word_1_98' title='bbox 516 1245 748 1271; x_wconf 81' lang='lat' dir='ltr'><strong>intorbonantur</strong></span> <span class='ocrx_word' id='word_1_99' title='bbox 776 1244 870 1272; x_wconf 88' lang='lat' dir='ltr'><strong>lardo.</strong></span> <span class='ocrx_word' id='word_1_100' title='bbox 900 1259 939 1264; x_wconf 94' lang='lat'><strong>—-</strong></span> <span class='ocrx_word' id='word_1_101' title='bbox 964 1241 997 1278; x_wconf 82' lang='lat'><strong>2,</strong></span> <span class='ocrx_word' id='word_1_102' title='bbox 1025 1242 1043 1271; x_wconf 80' lang='grc'>8</span> <span class='ocrx_word' id='word_1_103' title='bbox 1066 1246 1131 1272; x_wconf 80' lang='lat' dir='ltr'><strong>Stat</strong></span> <span class='ocrx_word' id='word_1_104' title='bbox 1159 1246 1190 1272; x_wconf 89' lang='lat' dir='ltr'><strong>in</strong></span> <span class='ocrx_word' id='word_1_105' title='bbox 1212 1253 1346 1280; x_wconf 85' lang='lat' dir='ltr'><strong>rampno.</strong></span> <span class='ocrx_word' id='word_1_106' title='bbox 1369 1262 1406 1265; x_wconf 97' lang='lat'><strong>—</strong></span> <span class='ocrx_word' id='word_1_107' title='bbox 1428 1244 1456 1280; x_wconf 82' lang='lat'><strong>2,</strong></span> <span class='ocrx_word' id='word_1_108' title='bbox 1487 1244 1520 1274; x_wconf 94' lang='lat' dir='ltr'><strong>ll</strong></span> 
     </span>
     <span class='ocr_line' id='line_1_20' title="bbox 168 1281 1525 1320; baseline 0.003 -11"><span class='ocrx_word' id='word_1_109' title='bbox 168 1283 271 1318; x_wconf 66' lang='lat' dir='ltr'><strong>Lyenu</strong></span> <span class='ocrx_word' id='word_1_110' title='bbox 296 1285 335 1309; x_wconf 85' lang='lat' dir='ltr'><strong>in.</strong></span> <span class='ocrx_word' id='word_1_111' title='bbox 351 1297 388 1300; x_wconf 42' lang='lat' dir='ltr'><strong>f-</strong></span> <span class='ocrx_word' id='word_1_112' title='bbox 405 1282 431 1308; x_wconf 72' lang='lat'><strong>3&#39;».</strong></span> <span class='ocrx_word' id='word_1_113' title='bbox 457 1282 469 1309; x_wconf 94' lang='lat'>1</span> <span class='ocrx_word' id='word_1_114' title='bbox 489 1283 539 1310; x_wconf 75' lang='lat' dir='ltr'><strong>sed</strong></span> <span class='ocrx_word' id='word_1_115' title='bbox 556 1292 649 1310; x_wconf 79' lang='lat' dir='ltr'><strong>surro.</strong></span> <span class='ocrx_word' id='word_1_116' title='bbox 666 1299 702 1302; x_wconf 97' lang='lat'><strong>—</strong></span> <span class='ocrx_word' id='word_1_117' title='bbox 718 1281 744 1315; x_wconf 82' lang='lat'><strong>3,</strong></span> <span class='ocrx_word' id='word_1_118' title='bbox 768 1281 786 1310; x_wconf 83' lang='lat'>2</span> <span class='ocrx_word' id='word_1_119' title='bbox 800 1293 896 1311; x_wconf 88' lang='lat' dir='ltr'><strong>curro.</strong></span> <span class='ocrx_word' id='word_1_120' title='bbox 911 1298 948 1303; x_wconf 96' lang='lat'><strong>-—</strong></span> <span class='ocrx_word' id='word_1_121' title='bbox 963 1281 991 1316; x_wconf 81' lang='lat'><strong>3,</strong></span> <span class='ocrx_word' id='word_1_122' title='bbox 1014 1282 1030 1310; x_wconf 82' lang='lat'>7</span> <span class='ocrx_word' id='word_1_123' title='bbox 1045 1284 1085 1311; x_wconf 85' lang='lat' dir='ltr'><strong>Et</strong></span> <span class='ocrx_word' id='word_1_124' title='bbox 1100 1284 1181 1311; x_wconf 82' lang='lat' dir='ltr'>fehlt.</span> <span class='ocrx_word' id='word_1_125' title='bbox 1198 1298 1233 1302; x_wconf 81' lang='grc'>-</span> <span class='ocrx_word' id='word_1_126' title='bbox 1248 1282 1275 1311; x_wconf 82' lang='grc'><strong>4.</strong></span> <span class='ocrx_word' id='word_1_127' title='bbox 1298 1282 1316 1310; x_wconf 88' lang='grc'>9</span> <span class='ocrx_word' id='word_1_128' title='bbox 1331 1287 1469 1320; x_wconf 84' lang='lat' dir='ltr'><strong>premitu.</strong></span> <span class='ocrx_word' id='word_1_129' title='bbox 1486 1300 1525 1305; x_wconf 81' lang='lat'>—</span> 
     </span>
     <span class='ocr_line' id='line_1_21' title="bbox 167 1320 1522 1360; baseline 0.003 -12"><span class='ocrx_word' id='word_1_130' title='bbox 167 1321 201 1353; x_wconf 82' lang='lat'><strong>4,</strong></span> <span class='ocrx_word' id='word_1_131' title='bbox 235 1321 268 1348; x_wconf 66' lang='lat'><strong>11²,</strong></span> <span class='ocrx_word' id='word_1_132' title='bbox 291 1322 465 1349; x_wconf 61' lang='lat' dir='ltr'><strong>Pharas-nis.</strong></span> <span class='ocrx_word' id='word_1_133' title='bbox 499 1337 530 1340; x_wconf 97' lang='lat'><strong>—</strong></span> <span class='ocrx_word' id='word_1_134' title='bbox 564 1321 594 1354; x_wconf 83' lang='lat'><strong>5,</strong></span> <span class='ocrx_word' id='word_1_135' title='bbox 625 1322 642 1350; x_wconf 87' lang='lat'>9</span> <span class='ocrx_word' id='word_1_136' title='bbox 669 1322 748 1349; x_wconf 87' lang='lat' dir='ltr'><strong>hunc</strong></span> <span class='ocrx_word' id='word_1_137' title='bbox 772 1323 856 1350; x_wconf 80' lang='lat' dir='ltr'><strong>fehlt.</strong></span> <span class='ocrx_word' id='word_1_138' title='bbox 878 1339 914 1344; x_wconf 92' lang='lat'>—</span> <span class='ocrx_word' id='word_1_139' title='bbox 936 1320 970 1354; x_wconf 78' lang='lat'><strong>6,</strong></span> <span class='ocrx_word' id='word_1_140' title='bbox 999 1321 1016 1349; x_wconf 80' lang='lat'>3</span> <span class='ocrx_word' id='word_1_141' title='bbox 1037 1323 1134 1350; x_wconf 83' lang='lat' dir='ltr'><strong>Tanto</strong></span> <span class='ocrx_word' id='word_1_142' title='bbox 1156 1332 1216 1351; x_wconf 86' lang='lat' dir='ltr'><strong>non</strong></span> <span class='ocrx_word' id='word_1_143' title='bbox 1237 1324 1329 1352; x_wconf 78' lang='lat' dir='ltr'><strong>vixit.</strong></span> <span class='ocrx_word' id='word_1_144' title='bbox 1351 1333 1447 1360; x_wconf 85' lang='lat' dir='ltr'><strong>gegen</strong></span> <span class='ocrx_word' id='word_1_145' title='bbox 1468 1325 1522 1353; x_wconf 72' lang='lat' dir='ltr'><strong>das</strong></span> 
     </span>
    </p>
   </div>
   <div class='ocr_carea' id='block_1_7' title="bbox 167 1360 1524 1556">
    <p class='ocr_par' dir='ltr' id='par_1_7' title="bbox 167 1360 1524 1556">
     <span class='ocr_line' id='line_1_22' title="bbox 169 1360 1523 1395; baseline 0.004 -8"><span class='ocrx_word' id='word_1_146' title='bbox 169 1361 331 1389; x_wconf 42' lang='lat' dir='ltr'><strong>Versmass.</strong></span> <span class='ocrx_word' id='word_1_147' title='bbox 354 1376 391 1380; x_wconf 53' lang='lat' dir='ltr'><strong>a-</strong></span> <span class='ocrx_word' id='word_1_148' title='bbox 415 1362 441 1393; x_wconf 64' lang='lat' dir='ltr'><strong>ts»,</strong></span> <span class='ocrx_word' id='word_1_149' title='bbox 464 1361 482 1388; x_wconf 80' lang='lat'>4</span> <span class='ocrx_word' id='word_1_150' title='bbox 506 1366 537 1388; x_wconf 87' lang='lat' dir='ltr'><strong>ut</strong></span> <span class='ocrx_word' id='word_1_151' title='bbox 559 1362 647 1389; x_wconf 77' lang='lat' dir='ltr'><strong>huius</strong></span> <span class='ocrx_word' id='word_1_152' title='bbox 671 1362 814 1389; x_wconf 75' lang='lat' dir='ltr'><strong>incolatu.</strong></span> <span class='ocrx_word' id='word_1_153' title='bbox 835 1378 873 1382; x_wconf 97' lang='lat'><strong>—</strong></span> <span class='ocrx_word' id='word_1_154' title='bbox 895 1361 922 1395; x_wconf 83' lang='lat'><strong>6,</strong></span> <span class='ocrx_word' id='word_1_155' title='bbox 945 1361 962 1388; x_wconf 89' lang='lat'>7</span> <span class='ocrx_word' id='word_1_156' title='bbox 977 1363 1128 1389; x_wconf 80' lang='lat' dir='ltr'><strong>victimae.</strong></span> <span class='ocrx_word' id='word_1_157' title='bbox 1152 1379 1189 1382; x_wconf 96' lang='lat'><strong>—</strong></span> <span class='ocrx_word' id='word_1_158' title='bbox 1211 1360 1238 1395; x_wconf 88' lang='lat'><strong>6,</strong></span> <span class='ocrx_word' id='word_1_159' title='bbox 1263 1361 1295 1389; x_wconf 93' lang='lat' dir='ltr'><strong>ll</strong></span> <span class='ocrx_word' id='word_1_160' title='bbox 1315 1362 1371 1390; x_wconf 88' lang='lat' dir='ltr'><strong>hoc</strong></span> <span class='ocrx_word' id='word_1_161' title='bbox 1386 1363 1469 1392; x_wconf 84' lang='lat' dir='ltr'><strong>fehlt.</strong></span> <span class='ocrx_word' id='word_1_162' title='bbox 1485 1380 1523 1385; x_wconf 88' lang='lat'><strong>-—-</strong></span> 
     </span>
     <span class='ocr_line' id='line_1_23' title="bbox 167 1400 1524 1437; baseline 0.003 -10"><span class='ocrx_word' id='word_1_163' title='bbox 167 1400 253 1427; x_wconf 86' lang='lat' dir='ltr'><strong>Laud</strong></span> <span class='ocrx_word' id='word_1_164' title='bbox 276 1401 336 1428; x_wconf 86' lang='lat' dir='ltr'><strong>und</strong></span> <span class='ocrx_word' id='word_1_165' title='bbox 352 1401 417 1428; x_wconf 70' lang='lat' dir='ltr'><strong>Zeit</strong></span> <span class='ocrx_word' id='word_1_166' title='bbox 437 1401 489 1428; x_wconf 81' lang='lat' dir='ltr'><strong>der</strong></span> <span class='ocrx_word' id='word_1_167' title='bbox 511 1401 682 1437; x_wconf 71' lang='lat' dir='ltr'><strong>Abfassung</strong></span> <span class='ocrx_word' id='word_1_168' title='bbox 703 1401 755 1429; x_wconf 74' lang='lat' dir='ltr'><strong>des</strong></span> <span class='ocrx_word' id='word_1_169' title='bbox 773 1402 882 1429; x_wconf 80' lang='lat' dir='ltr'><strong>Liedes</strong></span> <span class='ocrx_word' id='word_1_170' title='bbox 902 1402 1081 1430; x_wconf 76' lang='lat' dir='ltr'><strong>bestimmen</strong></span> <span class='ocrx_word' id='word_1_171' title='bbox 1102 1401 1129 1432; x_wconf 82' lang='lat'><strong>5,</strong></span> <span class='ocrx_word' id='word_1_172' title='bbox 1150 1401 1168 1430; x_wconf 82' lang='grc'>6</span> <span class='ocrx_word' id='word_1_173' title='bbox 1190 1402 1250 1429; x_wconf 84' lang='lat' dir='ltr'><strong>und</strong></span> <span class='ocrx_word' id='word_1_174' title='bbox 1270 1400 1298 1434; x_wconf 76' lang='grc'><strong>5,</strong></span> <span class='ocrx_word' id='word_1_175' title='bbox 1320 1400 1353 1436; x_wconf 68' lang='lat'><strong>93</strong></span> <span class='ocrx_word' id='word_1_176' title='bbox 1375 1403 1524 1432; x_wconf 74' lang='lat' dir='ltr'><strong>Kardinal</strong></span> 
     </span>
     <span class='ocr_line' id='line_1_24' title="bbox 168 1439 1522 1478; baseline 0.001 -11"><span class='ocrx_word' id='word_1_177' title='bbox 168 1439 298 1467; x_wconf 71' lang='lat' dir='ltr'><strong>Gentilis</strong></span> <span class='ocrx_word' id='word_1_178' title='bbox 323 1441 359 1468; x_wconf 86' lang='lat' dir='ltr'><strong>de</strong></span> <span class='ocrx_word' id='word_1_179' title='bbox 380 1440 483 1467; x_wconf 74' lang='lat' dir='ltr'><strong>Monte</strong></span> <span class='ocrx_word' id='word_1_180' title='bbox 511 1441 614 1468; x_wconf 65' lang='lat' dir='ltr'><strong>florum</strong></span> <span class='ocrx_word' id='word_1_181' title='bbox 637 1441 736 1468; x_wconf 77' lang='lat' dir='ltr'><strong>weilte</strong></span> <span class='ocrx_word' id='word_1_182' title='bbox 758 1442 790 1468; x_wconf 91' lang='lat' dir='ltr'><strong>in</strong></span> <span class='ocrx_word' id='word_1_183' title='bbox 813 1442 937 1478; x_wconf 82' lang='lat' dir='ltr'><strong>Ungarn</strong></span> <span class='ocrx_word' id='word_1_184' title='bbox 961 1441 1006 1468; x_wconf 90' lang='lat' dir='ltr'><strong>als</strong></span> <span class='ocrx_word' id='word_1_185' title='bbox 1030 1442 1127 1477; x_wconf 81' lang='lat' dir='ltr'>Legat</span> <span class='ocrx_word' id='word_1_186' title='bbox 1149 1441 1285 1469; x_wconf 85' lang='lat' dir='ltr'><strong>Clemens</strong></span> <span class='ocrx_word' id='word_1_187' title='bbox 1307 1442 1344 1468; x_wconf 85' lang='lat' dir='ltr'><strong>X.</strong></span> <span class='ocrx_word' id='word_1_188' title='bbox 1366 1451 1425 1470; x_wconf 83' lang='lat' dir='ltr'><strong>von</strong></span> <span class='ocrx_word' id='word_1_189' title='bbox 1449 1440 1522 1471; x_wconf 84' lang='lat'>1307</span> 
     </span>
     <span class='ocr_line' id='line_1_25' title="bbox 170 1478 1523 1515; baseline 0.002 -9"><span class='ocrx_word' id='word_1_190' title='bbox 170 1479 216 1506; x_wconf 75' lang='lat' dir='ltr'><strong>bis</strong></span> <span class='ocrx_word' id='word_1_191' title='bbox 247 1478 328 1507; x_wconf 64' lang='lat'>1:310.</span> <span class='ocrx_word' id='word_1_192' title='bbox 372 1480 418 1506; x_wconf 83' lang='lat' dir='ltr'><strong>Da</strong></span> <span class='ocrx_word' id='word_1_193' title='bbox 451 1481 481 1507; x_wconf 86' lang='lat' dir='ltr'><strong>in</strong></span> <span class='ocrx_word' id='word_1_194' title='bbox 509 1481 591 1508; x_wconf 63' lang='lat' dir='ltr'><strong>diest:</strong></span> <span class='ocrx_word' id='word_1_195' title='bbox 618 1481 683 1508; x_wconf 76' lang='lat' dir='ltr'><strong>Zeit</strong></span> <span class='ocrx_word' id='word_1_196' title='bbox 710 1489 767 1507; x_wconf 85' lang='lat' dir='ltr'><strong>nur</strong></span> <span class='ocrx_word' id='word_1_197' title='bbox 793 1480 847 1508; x_wconf 88' lang='lat' dir='ltr'><strong>das</strong></span> <span class='ocrx_word' id='word_1_198' title='bbox 877 1482 943 1509; x_wconf 84' lang='lat' dir='ltr'><strong>eine</strong></span> <span class='ocrx_word' id='word_1_199' title='bbox 966 1480 1135 1515; x_wconf 82' lang='lat' dir='ltr'><strong>Schaltjahr</strong></span> <span class='ocrx_word' id='word_1_200' title='bbox 1166 1478 1239 1508; x_wconf 78' lang='lat'>1308</span> <span class='ocrx_word' id='word_1_201' title='bbox 1266 1480 1346 1513; x_wconf 74' lang='lat' dir='ltr'><strong>ffillt,</strong></span> <span class='ocrx_word' id='word_1_202' title='bbox 1374 1491 1406 1509; x_wconf 79' lang='lat' dir='ltr'><strong>so</strong></span> <span class='ocrx_word' id='word_1_203' title='bbox 1429 1483 1469 1510; x_wconf 82' lang='lat' dir='ltr'><strong>ist</strong></span> <span class='ocrx_word' id='word_1_204' title='bbox 1492 1482 1523 1509; x_wconf 89' lang='lat' dir='ltr'><strong>in</strong></span> 
     </span>
     <span class='ocr_line' id='line_1_26' title="bbox 168 1518 823 1556; baseline 0.003 -11"><span class='ocrx_word' id='word_1_205' title='bbox 168 1518 279 1545; x_wconf 79' lang='lat' dir='ltr'><strong>diesem</strong></span> <span class='ocrx_word' id='word_1_206' title='bbox 303 1519 356 1546; x_wconf 79' lang='lat' dir='ltr'><strong>das</strong></span> <span class='ocrx_word' id='word_1_207' title='bbox 381 1519 455 1546; x_wconf 85' lang='lat' dir='ltr'><strong>Lied</strong></span> <span class='ocrx_word' id='word_1_208' title='bbox 477 1519 672 1556; x_wconf 81' lang='lat' dir='ltr'><strong>geschrieben</strong></span> <span class='ocrx_word' id='word_1_209' title='bbox 695 1520 823 1547; x_wconf 84' lang='lat' dir='ltr'>worden.</span> 
     </span>
    </p>
   </div>
   <div class='ocr_carea' id='block_1_8' title="bbox 528 1653 1173 1687">
    <p class='ocr_par' dir='ltr' id='par_1_8' title="bbox 528 1653 1173 1687">
     <span class='ocr_line' id='line_1_27' title="bbox 528 1653 1173 1687; baseline 0 -2"><span class='ocrx_word' id='word_1_210' title='bbox 528 1654 576 1685; x_wconf 85' lang='grc'><strong>95.</strong></span> <span class='ocrx_word' id='word_1_211' title='bbox 618 1653 810 1686; x_wconf 80' lang='lat' dir='ltr'><strong>Adhortatio</strong></span> <span class='ocrx_word' id='word_1_212' title='bbox 833 1654 872 1686; x_wconf 83' lang='lat' dir='ltr'><strong>ad</strong></span> <span class='ocrx_word' id='word_1_213' title='bbox 895 1654 1015 1687; x_wconf 82' lang='lat' dir='ltr'><strong>bellum</strong></span> <span class='ocrx_word' id='word_1_214' title='bbox 1037 1663 1173 1686; x_wconf 85' lang='lat' dir='ltr'><strong>sacrum.</strong></span> 
     </span>
    </p>
   </div>
   <div class='ocr_carea' id='block_1_9' title="bbox 177 1743 1503 2469">
    <p class='ocr_par' dir='ltr' id='par_1_9' title="bbox 183 1743 1467 1884">
     <span class='ocr_line' id='line_1_28' title="bbox 183 1743 1393 1791; baseline 0.002 -15"><span class='ocrx_word' id='word_1_215' title='bbox 183 1745 212 1776; x_wconf 93' lang='lat'><strong>1.</strong></span> <span class='ocrx_word' id='word_1_216' title='bbox 241 1745 432 1783; x_wconf 72' lang='lat' dir='ltr'><strong>Ierusalem,</strong></span> <span class='ocrx_word' id='word_1_217' title='bbox 461 1746 595 1787; x_wconf 87' lang='lat' dir='ltr'><strong>laetare,</strong></span> <span class='ocrx_word' id='word_1_218' title='bbox 894 1749 926 1780; x_wconf 89' lang='lat'><strong>5.</strong></span> <span class='ocrx_word' id='word_1_219' title='bbox 955 1743 1033 1791; x_wconf 88' lang='lat' dir='ltr'><strong>[U]t</strong></span> <span class='ocrx_word' id='word_1_220' title='bbox 1059 1748 1197 1788; x_wconf 80' lang='lat' dir='ltr'><strong>perimat</strong></span> <span class='ocrx_word' id='word_1_221' title='bbox 1225 1750 1393 1787; x_wconf 83' lang='lat' dir='ltr'><strong>tyrannos,</strong></span> 
     </span>
     <span class='ocr_line' id='line_1_29' title="bbox 243 1792 1467 1836; baseline 0.003 -11"><span class='ocrx_word' id='word_1_222' title='bbox 243 1795 330 1833; x_wconf 82' lang='lat' dir='ltr'><strong>Quae</strong></span> <span class='ocrx_word' id='word_1_223' title='bbox 357 1792 457 1825; x_wconf 83' lang='lat' dir='ltr'><strong>flebas</strong></span> <span class='ocrx_word' id='word_1_224' title='bbox 484 1798 550 1826; x_wconf 88' lang='lat' dir='ltr'><strong>tam</strong></span> <span class='ocrx_word' id='word_1_225' title='bbox 578 1803 698 1836; x_wconf 79' lang='lat' dir='ltr'><strong>amare,</strong></span> <span class='ocrx_word' id='word_1_226' title='bbox 953 1796 1014 1834; x_wconf 84' lang='lat' dir='ltr'><strong>Qui</strong></span> <span class='ocrx_word' id='word_1_227' title='bbox 1040 1805 1101 1836; x_wconf 89' lang='lat' dir='ltr'><strong>per</strong></span> <span class='ocrx_word' id='word_1_228' title='bbox 1126 1801 1192 1828; x_wconf 85' lang='lat' dir='ltr'><strong>tam</strong></span> <span class='ocrx_word' id='word_1_229' title='bbox 1218 1795 1337 1827; x_wconf 89' lang='lat' dir='ltr'><strong>multos</strong></span> <span class='ocrx_word' id='word_1_230' title='bbox 1365 1805 1467 1829; x_wconf 85' lang='lat' dir='ltr'><strong>annos</strong></span> 
     </span>
     <span class='ocr_line' id='line_1_30' title="bbox 242 1842 1365 1884; baseline 0.002 -10"><span class='ocrx_word' id='word_1_231' title='bbox 242 1842 325 1874; x_wconf 88' lang='lat' dir='ltr'><strong>Dum</strong></span> <span class='ocrx_word' id='word_1_232' title='bbox 354 1851 447 1875; x_wconf 81' lang='lat' dir='ltr'><strong>serva</strong></span> <span class='ocrx_word' id='word_1_233' title='bbox 474 1843 639 1883; x_wconf 66' lang='lat' dir='ltr'><strong>tenebam,</strong></span> <span class='ocrx_word' id='word_1_234' title='bbox 952 1844 1121 1877; x_wconf 78' lang='lat' dir='ltr'><strong>vexarunt</strong></span> <span class='ocrx_word' id='word_1_235' title='bbox 1149 1844 1365 1884; x_wconf 83' lang='lat' dir='ltr'><strong>Christianos,</strong></span> 
     </span>
    </p>

    <p class='ocr_par' dir='ltr' id='par_1_10' title="bbox 290 1891 1348 1932">
     <span class='ocr_line' id='line_1_31' title="bbox 290 1891 1348 1932; baseline 0.002 -10"><span class='ocrx_word' id='word_1_236' title='bbox 290 1891 484 1932; x_wconf 78' lang='lat' dir='ltr'><strong>Ierusalem,</strong></span> <span class='ocrx_word' id='word_1_237' title='bbox 512 1893 650 1925; x_wconf 73' lang='lat' dir='ltr'><strong>exsulta.</strong></span> <span class='ocrx_word' id='word_1_238' title='bbox 998 1893 1185 1926; x_wconf 81' lang='lat' dir='ltr'><strong>Ierusalem</strong></span> <span class='ocrx_word' id='word_1_239' title='bbox 1211 1892 1348 1925; x_wconf 79' lang='lat' dir='ltr'><strong>exsulta.</strong></span> 
     </span>
    </p>

    <p class='ocr_par' dir='ltr' id='par_1_11' title="bbox 181 1987 1394 2128">
     <span class='ocr_line' id='line_1_32' title="bbox 181 1987 1394 2035; baseline 0.002 -14"><span class='ocrx_word' id='word_1_240' title='bbox 181 1989 214 2021; x_wconf 87' lang='lat'><strong>2.</strong></span> <span class='ocrx_word' id='word_1_241' title='bbox 242 1988 389 2029; x_wconf 84' lang='lat' dir='ltr'><strong>Namque</strong></span> <span class='ocrx_word' id='word_1_242' title='bbox 417 1988 471 2020; x_wconf 90' lang='lat' dir='ltr'><strong>diu</strong></span> <span class='ocrx_word' id='word_1_243' title='bbox 499 1990 631 2021; x_wconf 82' lang='lat' dir='ltr'><strong>servisti</strong></span> <span class='ocrx_word' id='word_1_244' title='bbox 892 1992 924 2024; x_wconf 86' lang='lat'><strong>6.</strong></span> <span class='ocrx_word' id='word_1_245' title='bbox 952 1987 1030 2035; x_wconf 88' lang='lat' dir='ltr'><strong>[U]t</strong></span> <span class='ocrx_word' id='word_1_246' title='bbox 1057 1991 1147 2022; x_wconf 86' lang='lat' dir='ltr'><strong>locus</strong></span> <span class='ocrx_word' id='word_1_247' title='bbox 1173 1999 1252 2023; x_wconf 85' lang='lat' dir='ltr'><strong>suae</strong></span> <span class='ocrx_word' id='word_1_248' title='bbox 1279 1992 1394 2024; x_wconf 83' lang='lat' dir='ltr'><strong>mortis</strong></span> 
     </span>
     <span class='ocr_line' id='line_1_33' title="bbox 243 2037 1374 2079; baseline 0.003 -10"><span class='ocrx_word' id='word_1_249' title='bbox 243 2038 372 2075; x_wconf 85' lang='lat' dir='ltr'><strong>Tureis,</strong></span> <span class='ocrx_word' id='word_1_250' title='bbox 401 2037 460 2068; x_wconf 90' lang='lat' dir='ltr'><strong>sub</strong></span> <span class='ocrx_word' id='word_1_251' title='bbox 487 2038 559 2077; x_wconf 89' lang='lat' dir='ltr'><strong>quis</strong></span> <span class='ocrx_word' id='word_1_252' title='bbox 588 2038 678 2070; x_wconf 74' lang='lat' dir='ltr'><strong>fuisti</strong></span> <span class='ocrx_word' id='word_1_253' title='bbox 952 2039 1055 2071; x_wconf 89' lang='lat' dir='ltr'><strong>Nobis</strong></span> <span class='ocrx_word' id='word_1_254' title='bbox 1081 2048 1142 2079; x_wconf 89' lang='lat' dir='ltr'><strong>per</strong></span> <span class='ocrx_word' id='word_1_255' title='bbox 1167 2039 1266 2072; x_wconf 90' lang='lat' dir='ltr'><strong>fidem</strong></span> <span class='ocrx_word' id='word_1_256' title='bbox 1292 2041 1374 2072; x_wconf 87' lang='lat' dir='ltr'><strong>ortis</strong></span> 
     </span>
     <span class='ocr_line' id='line_1_34' title="bbox 243 2086 1306 2128; baseline 0.002 -10"><span class='ocrx_word' id='word_1_257' title='bbox 243 2086 320 2118; x_wconf 87' lang='lat' dir='ltr'><strong>Post</strong></span> <span class='ocrx_word' id='word_1_258' title='bbox 346 2090 482 2118; x_wconf 89' lang='lat' dir='ltr'><strong>mortem</strong></span> <span class='ocrx_word' id='word_1_259' title='bbox 510 2087 584 2118; x_wconf 87' lang='lat' dir='ltr'><strong>Iesu</strong></span> <span class='ocrx_word' id='word_1_260' title='bbox 612 2087 747 2120; x_wconf 84' lang='lat' dir='ltr'><strong>Christi.</strong></span> <span class='ocrx_word' id='word_1_261' title='bbox 951 2087 1089 2128; x_wconf 87' lang='lat' dir='ltr'><strong>Proprie</strong></span> <span class='ocrx_word' id='word_1_262' title='bbox 1114 2087 1172 2120; x_wconf 85' lang='lat' dir='ltr'><strong>fiat</strong></span> <span class='ocrx_word' id='word_1_263' title='bbox 1197 2087 1306 2121; x_wconf 71' lang='lat' dir='ltr'><strong>fortis.</strong></span> 
     </span>
    </p>

    <p class='ocr_par' dir='ltr' id='par_1_12' title="bbox 177 2183 1503 2324">
     <span class='ocr_line' id='line_1_35' title="bbox 177 2183 1370 2224; baseline 0.003 -9"><span class='ocrx_word' id='word_1_264' title='bbox 177 2185 209 2217; x_wconf 86' lang='lat'><strong>3.</strong></span> <span class='ocrx_word' id='word_1_265' title='bbox 238 2183 335 2216; x_wconf 86' lang='lat' dir='ltr'><strong>Fletu</strong></span> <span class='ocrx_word' id='word_1_266' title='bbox 366 2183 496 2214; x_wconf 87' lang='lat' dir='ltr'><strong>movisti</strong></span> <span class='ocrx_word' id='word_1_267' title='bbox 524 2192 643 2224; x_wconf 84' lang='lat' dir='ltr'><strong>regern,</strong></span> <span class='ocrx_word' id='word_1_268' title='bbox 891 2186 921 2219; x_wconf 86' lang='lat'><strong>7.</strong></span> <span class='ocrx_word' id='word_1_269' title='bbox 949 2185 1036 2217; x_wconf 86' lang='lat' dir='ltr'><strong>Vera</strong></span> <span class='ocrx_word' id='word_1_270' title='bbox 1062 2194 1115 2217; x_wconf 91' lang='lat' dir='ltr'><strong>res</strong></span> <span class='ocrx_word' id='word_1_271' title='bbox 1141 2189 1191 2217; x_wconf 87' lang='lat' dir='ltr'><strong>est</strong></span> <span class='ocrx_word' id='word_1_272' title='bbox 1217 2189 1249 2216; x_wconf 86' lang='lat' dir='ltr'><strong>et</strong></span> <span class='ocrx_word' id='word_1_273' title='bbox 1275 2190 1370 2219; x_wconf 84' lang='lat' dir='ltr'><strong>nota:</strong></span> 
     </span>
     <span class='ocr_line' id='line_1_36' title="bbox 241 2232 1344 2274; baseline 0.004 -11"><span class='ocrx_word' id='word_1_274' title='bbox 241 2233 313 2272; x_wconf 65' lang='lat' dir='ltr'><strong>Qui,</strong></span> <span class='ocrx_word' id='word_1_275' title='bbox 340 2241 380 2264; x_wconf 91' lang='lat' dir='ltr'><strong>ne</strong></span> <span class='ocrx_word' id='word_1_276' title='bbox 406 2232 452 2263; x_wconf 90' lang='lat' dir='ltr'><strong>nil</strong></span> <span class='ocrx_word' id='word_1_277' title='bbox 480 2233 547 2264; x_wconf 87' lang='lat' dir='ltr'><strong>veri</strong></span> <span class='ocrx_word' id='word_1_278' title='bbox 575 2241 701 2274; x_wconf 83' lang='lat' dir='ltr'><strong>negem,</strong></span> <span class='ocrx_word' id='word_1_279' title='bbox 950 2233 1023 2265; x_wconf 88' lang='lat' dir='ltr'><strong>Non</strong></span> <span class='ocrx_word' id='word_1_280' title='bbox 1051 2238 1101 2265; x_wconf 89' lang='lat' dir='ltr'><strong>est</strong></span> <span class='ocrx_word' id='word_1_281' title='bbox 1127 2234 1197 2266; x_wconf 88' lang='lat' dir='ltr'><strong>Deo</strong></span> <span class='ocrx_word' id='word_1_282' title='bbox 1225 2234 1344 2268; x_wconf 81' lang='lat' dir='ltr'><strong>devota</strong></span> 
     </span>
     <span class='ocr_line' id='line_1_37' title="bbox 241 2281 1503 2324; baseline 0.005 -9"><span class='ocrx_word' id='word_1_283' title='bbox 241 2281 416 2322; x_wconf 85' lang='lat' dir='ltr'><strong>Proposuit</strong></span> <span class='ocrx_word' id='word_1_284' title='bbox 444 2281 526 2313; x_wconf 85' lang='lat' dir='ltr'><strong>hauc</strong></span> <span class='ocrx_word' id='word_1_285' title='bbox 551 2281 665 2324; x_wconf 86' lang='lat' dir='ltr'><strong>legem,</strong></span> <span class='ocrx_word' id='word_1_286' title='bbox 950 2281 1038 2314; x_wconf 90' lang='lat' dir='ltr'><strong>Gens</strong></span> <span class='ocrx_word' id='word_1_287' title='bbox 1064 2292 1128 2315; x_wconf 92' lang='lat' dir='ltr'><strong>non</strong></span> <span class='ocrx_word' id='word_1_288' title='bbox 1154 2284 1197 2316; x_wconf 92' lang='lat' dir='ltr'><strong>ad</strong></span> <span class='ocrx_word' id='word_1_289' title='bbox 1223 2282 1305 2316; x_wconf 87' lang='lat' dir='ltr'><strong>haec</strong></span> <span class='ocrx_word' id='word_1_290' title='bbox 1331 2292 1503 2321; x_wconf 80' lang='lat' dir='ltr'><strong>commota.</strong></span> 
     </span>
    </p>

    <p class='ocr_par' dir='ltr' id='par_1_13' title="bbox 179 2377 1442 2469">
     <span class='ocr_line' id='line_1_38' title="bbox 179 2377 1442 2426; baseline 0.005 -15"><span class='ocrx_word' id='word_1_291' title='bbox 179 2382 213 2414; x_wconf 87' lang='lat'><strong>4.</strong></span> <span class='ocrx_word' id='word_1_292' title='bbox 243 2377 320 2425; x_wconf 91' lang='lat' dir='ltr'><strong>[U]t</strong></span> <span class='ocrx_word' id='word_1_293' title='bbox 347 2379 454 2412; x_wconf 87' lang='lat' dir='ltr'><strong>contio</strong></span> <span class='ocrx_word' id='word_1_294' title='bbox 480 2377 598 2421; x_wconf 80' lang='lat' dir='ltr'><strong>fidelis,</strong></span> <span class='ocrx_word' id='word_1_295' title='bbox 885 2381 917 2414; x_wconf 90' lang='grc'><strong>8.</strong></span> <span class='ocrx_word' id='word_1_296' title='bbox 944 2379 1017 2411; x_wconf 87' lang='lat' dir='ltr'><strong>Hoc</strong></span> <span class='ocrx_word' id='word_1_297' title='bbox 1042 2381 1223 2421; x_wconf 88' lang='lat' dir='ltr'><strong>praemium</strong></span> <span class='ocrx_word' id='word_1_298' title='bbox 1250 2390 1309 2414; x_wconf 83' lang='lat' dir='ltr'><strong>rex</strong></span> <span class='ocrx_word' id='word_1_299' title='bbox 1339 2383 1442 2426; x_wconf 85' lang='lat' dir='ltr'><strong>dabit,</strong></span> 
     </span>
     <span class='ocr_line' id='line_1_39' title="bbox 241 2427 1350 2469; baseline 0.001 -7"><span class='ocrx_word' id='word_1_300' title='bbox 241 2429 276 2462; x_wconf 90' lang='lat' dir='ltr'><strong>Si</strong></span> <span class='ocrx_word' id='word_1_301' title='bbox 302 2429 372 2462; x_wconf 89' lang='lat' dir='ltr'><strong>vult</strong></span> <span class='ocrx_word' id='word_1_302' title='bbox 397 2427 497 2468; x_wconf 88' lang='lat' dir='ltr'><strong>potiri</strong></span> <span class='ocrx_word' id='word_1_303' title='bbox 523 2428 633 2469; x_wconf 87' lang='lat' dir='ltr'><strong>caelis,</strong></span> <span class='ocrx_word' id='word_1_304' title='bbox 944 2429 1037 2468; x_wconf 82' lang='lat' dir='ltr'><strong>Quod</strong></span> <span class='ocrx_word' id='word_1_305' title='bbox 1063 2438 1099 2461; x_wconf 84' lang='lat' dir='ltr'><strong>se</strong></span> <span class='ocrx_word' id='word_1_306' title='bbox 1125 2428 1350 2464; x_wconf 82' lang='lat' dir='ltr'><strong>manifestabit</strong></span> 
     </span>
    </p>
   </div>
   <div class='ocr_carea' id='block_1_10' title="bbox 241 2477 1430 2522">
    <p class='ocr_par' dir='ltr' id='par_1_14' title="bbox 241 2477 1430 2522">
     <span class='ocr_line' id='line_1_40' title="bbox 241 2477 1430 2522; baseline 0.002 -10"><span class='ocrx_word' id='word_1_307' title='bbox 241 2479 341 2512; x_wconf 88' lang='lat' dir='ltr'><strong>Curet</strong></span> <span class='ocrx_word' id='word_1_308' title='bbox 367 2477 492 2518; x_wconf 85' lang='lat' dir='ltr'><strong>accingi</strong></span> <span class='ocrx_word' id='word_1_309' title='bbox 518 2477 603 2515; x_wconf 82' lang='lat' dir='ltr'><strong>telis,</strong></span> <span class='ocrx_word' id='word_1_310' title='bbox 944 2477 1040 2518; x_wconf 90' lang='lat' dir='ltr'><strong>Huic,</strong></span> <span class='ocrx_word' id='word_1_311' title='bbox 1067 2479 1121 2518; x_wconf 89' lang='lat' dir='ltr'><strong>qui</strong></span> <span class='ocrx_word' id='word_1_312' title='bbox 1149 2478 1232 2512; x_wconf 86' lang='lat' dir='ltr'><strong>bene</strong></span> <span class='ocrx_word' id='word_1_313' title='bbox 1257 2480 1430 2522; x_wconf 81' lang='lat' dir='ltr'><strong>pugnabit.</strong></span> 
     </span>
    </p>
   </div>
  </div>
 </body>
</html>
