1650 2727
728 148 996 184 —107—

550 246 583 277 5.
610 244 749 278 Tantum
778 255 855 288 ergo
882 251 1119 281 sacramentum

659 295 863 328 Veneremur
889 296 1002 329 cernui

610 341 654 375 Et
679 343 848 384 antiquum
875 347 1103 378 testamentum

656 391 750 424 Novo
777 393 874 425 cedat
899 393 989 434 ritui,

609 439 761 473 Praestet
787 441 869 473 fides
895 441 1159 483 supplementum

655 488 813 521 Sensuum
842 489 997 530 defectui,

606 535 706 569 Fides
733 538 840 578 sitque
867 538 1107 571 firmamentum

656 588 764 628 Aegro
790 587 985 621 intellectui.

254 671 340 699 Cant.
374 680 427 699 ms-
460 672 611 707 Pragense
637 673 820 700 [Weneeslai
852 673 887 700 de
921 674 1103 710 Wyskytna)
1135 677 1206 703 anni
1242 674 1324 703 1512.
1357 677 1427 703 cod.
1457 677 1525 703 Mus

173 709 296 738 Bohein.
321 710 397 739 XIII
420 711 443 738 A
466 709 492 738 2.
516 726 552 729 —
575 709 602 745 2,
625 709 643 738 2
665 721 731 747 que.
756 727 792 730 -—
815 711 840 747 2,
865 711 881 739 7
903 715 1043 749 agnique.

545 886 813 933 Cantiones
844 886 1163 933 Partheniae.

632 1043 692 1075 127.
736 1045 778 1075 De
800 1043 898 1075 beata
919 1044 1020 1075 Maria
1044 1045 1078 1075 V.

182 1134 215 1168 1.
246 1134 489 1176 Depromamus
517 1134 655 1167 iubilose
894 1137 925 1169 4.
955 1137 1132 1176 Hymnizet
1161 1137 1277 1169 cohors
1305 1136 1428 1168 caelica

244 1183 364 1225 Melos,
394 1193 575 1225 pangamus
603 1185 740 1217 cordose
955 1186 1079 1218 Sonom
1107 1195 1185 1217 voce
1210 1186 1340 1217 mellica

246 1233 376 1273 Virgini
402 1233 574 1271 gloriosae.
956 1234 1083 1275 Virgini
1111 1235 1166 1275 pia
1193 1235 1330 1267 cantica.

180 1321 214 1354 2.
242 1322 354 1353 Aaron
380 1325 416 1352 tu
441 1320 561 1354 florens
588 1322 726 1362 virgula,
889 1325 921 1356 5.
951 1323 1040 1356 Pelle
1068 1323 1193 1362 culpas,
1226 1333 1246 1355 o
1272 1323 1391 1365 Maria,

240 1371 293 1404 Ex
320 1373 352 1401 te
377 1371 448 1402 sine
473 1371 602 1403 macula
949 1372 1013 1404 Per
1039 1376 1071 1404 te
1094 1372 1188 1404 nobis
1217 1371 1314 1404 detur
1345 1373 1397 1404 via

241 1419 380 1452 Carmen
408 1419 494 1452 vitae
519 1420 656 1460 prodiit.
947 1421 1001 1453 Ad
1029 1426 1164 1453 aeterna
1190 1421 1320 1462 gaudia,

184 1508 216 1542 3.
246 1507 347 1541 Verbi
375 1508 437 1541 Dei
463 1517 597 1541 manens
626 1509 719 1549 cella,
895 1510 926 1542 6.
955 1509 998 1543 Ut
1026 1509 1069 1541 ad
1098 1510 1206 1542 caelos
1233 1509 1280 1540 sic
1308 1510 1478 1548 intremus,

244 1557 368 1598 Regem
395 1567 508 1599 regum
537 1558 724 1602 interpella,
955 1559 1169 1592 Gratulemur
1195 1561 1227 1591 et
1253 1567 1427 1599 regnemus

244 1606 356 1640 Salvet
383 1616 443 1639 nos
470 1612 506 1640 ut
533 1617 552 1639 a
577 1608 736 1648 procella.
957 1607 1098 1641 Sedibus
1125 1609 1156 1639 in
1186 1608 1394 1641 caelestibus.

246 1693 331 1722 Cant.
364 1704 417 1722 ms.
451 1695 603 1733 Pragense
631 1695 816 1727 (wenceslai
848 1696 884 1724 de
913 1695 1097 1732 Wyskytnaj
1128 1697 1199 1723 anni
1235 1693 1318 1723 1512.
1349 1695 1421 1723 eod.
1451 1695 1528 1722 Mus.

165 1732 286 1763 Bohem.
309 1735 384 1762 XIII
406 1734 431 1761 A
454 1732 481 1762 2.

624 1830 687 1862 128.
730 1831 773 1862 De
796 1830 892 1863 beata
914 1831 1017 1863 illaria
1040 1831 1076 1863 V.

180 1922 213 1956 1.
239 1922 326 1955 Divo
353 1921 506 1963 fragrans
533 1924 665 1956 numine
892 1925 924 1958 3.
952 1925 1068 1957 Honor
1094 1927 1144 1955 est
1171 1933 1232 1964 per
1258 1922 1370 1966 filium,

287 1971 396 2005 Maria
425 1973 571 2006 dulcoris
1003 1973 1052 2005 Tu
1080 1973 1213 2014 dignum
1242 1973 1381 2014 rapuisti

237 2021 432 2063 Congaudet
457 2022 490 2054 in
520 2023 660 2055 culmine
951 2023 1127 2063 singulare
1152 2023 1269 2062 lilium,

285 2071 457 2113 Angelicis
485 2073 613 2115 choris;
1002 2073 1086 2112 Quia
1112 2072 1252 2113 genuisti

237 2122 321 2163 Ave,
352 2122 555 2164 virguncula,
950 2123 1076 2156 Ornata
1102 2121 1289 2161 monilibus,

237 2170 349 2204 Maria
374 2172 441 2213 pia.
950 2171 1059 2204 Maria
1087 2171 1153 2213 pia.

178 2261 213 2295 2.
240 2259 359 2292 Radiis
385 2259 549 2293 solaribus
889 2261 923 2293 4.
952 2259 1044 2302 Vale,
1074 2261 1168 2300 virgo
1195 2260 1367 2302 virginum⁷

289 2308 445 2350 Undique
470 2309 602 2349 amicta,
1002 2309 1054 2342 Ab
1083 2309 1210 2350 angelis
1237 2314 1378 2351 sumpta,

239 2356 358 2390 stellis
383 2357 602 2392 luminaribus
951 2358 1134 2391 Mediatrix
1160 2358 1337 2397 hominum,

290 2406 330 2441 In
357 2415 504 2440 connexo
530 2407 630 2448 picta,
1001 2407 1051 2440 Tu
1079 2407 1149 2441 sola
1174 2408 1322 2447 innupta,

238 2456 368 2498 Ingenti
395 2457 515 2498 gaudio
952 2457 1195 2491 charismatum
1222 2464 1366 2496 munere,

238 2504 348 2539 Maria
377 2505 444 2546 pia.
951 2506 1060 2539 Maria
1086 2506 1150 2547 pia.
