1650 2727
770 157 986 192 -7-

305 253 378 290 Das
405 253 655 290 Invitatorium
682 253 824 289 besteht
849 264 913 289 aus
939 255 1024 289 zwei
1053 254 1313 291 Hexametern:

442 333 608 367 Christum
635 333 830 374 suppliciter
856 341 1050 365 veneremur
1076 333 1175 366 corde
1202 332 1303 371 fideli,

439 382 572 424 Sergius
600 387 632 415 et
660 382 809 415 Bacchus
835 391 931 423 quem
956 383 1094 414 laudant
1121 390 1200 414 voce
1227 383 1374 422 perenni.

305 459 540 505 Rhythmiseh
566 460 614 496 ist
640 460 735 496 dann
764 459 896 495 wieder
922 460 980 495 die
998 460 1180 506 Antiphon
1210 460 1266 503 „in
1295 460 1556 502 evangelium,

205 519 236 554 d.
268 518 298 553 h.
328 529 407 554 zum
433 518 667 554 Benedictus:

382 589 521 629 Hymnis
550 589 634 621 diem
665 588 868 629 decoramus,
894 589 927 620 in
954 597 1017 628 qua
1044 589 1194 623 Christus
1223 589 1402 628 praemium

381 637 496 678 Sergio
524 642 555 669 et
582 637 711 670 Baccho
744 637 846 676 dedit,
875 637 961 678 quod
989 642 1038 669 est
1066 637 1300 675 felicissimum,

382 687 512 727 Quippe
538 686 603 718 sibi
628 692 664 718 ut
691 690 837 717 astarent
863 695 961 726 seque
987 687 1061 718 luce
1087 687 1233 719 viverent

383 737 432 768 Ac
460 736 624 776 repulsam
652 744 713 767 non
742 735 906 775 timerent,
936 745 1006 767 cum
1034 737 1113 776 quid
1140 735 1233 767 nobis
1262 740 1422 775 peterem.

383 784 524 824 Hymnis
550 793 627 825 ergo
654 785 764 816 iuncta
791 793 889 825 prece
915 785 1117 825 postulemus
1144 785 1321 824 supplices,

384 833 429 866 Ut
457 833 573 865 salutis
601 842 677 866 suae
704 838 797 864 orent
826 832 895 865 fore
924 844 981 865 nos
1009 835 1198 874 participes.

308 910 518 946 Aul'serdem
547 910 710 946 befinden
739 910 812 945 sich
841 921 897 946 am
918 911 1043 946 Rande
1063 912 1126 946 der
1146 910 1373 946 Handschrift
1394 912 1558 955 folgende

204 969 280 1004 ‹lrei
302 969 430 1005 Piecen
458 970 700 1015 eingetragen‚
728 969 837 1005 deren
856 969 1105 1011 Bestimmung
1125 970 1407 1006 unbestimmbar
1426 971 1556 1006 bleibt:

204 1029 268 1064 das
309 1032 404 1064 erste
443 1029 631 1065 derselben
668 1029 714 1063 ist
748 1029 842 1063 heim
878 1029 1082 1064 Einbinden
1116 1031 1181 1065 der
1216 1029 1445 1065 Handschrift
1480 1041 1556 1065 ver-

207 1088 411 1130 stummelt3
440 1088 496 1123 die
524 1088 653 1123 beiden
681 1087 839 1122 anderen
865 1087 1006 1123 lauten:

563 1169 592 1199 l.
623 1167 715 1207 Erec,
746 1166 877 1207 fratres,
906 1178 1008 1207 quam
1034 1168 1075 1199 sit
1103 1169 1223 1200 bunum

621 1216 664 1248 Et
691 1225 753 1247 non
781 1216 841 1247 nisi
870 1216 931 1247 Dei
960 1217 1090 1257 donum,

623 1266 729 1307 Quam
758 1264 927 1296 honestum
955 1270 985 1297 et
1014 1264 1195 1298 iucundum

623 1315 758 1346 Brevem
788 1314 969 1345 declinasse
996 1315 1162 1352 mundum,

624 1363 826 1395 Emendasse
854 1363 971 1395 menda
998 1365 1122 1401 mundi,

624 1413 667 1446 Ut
697 1412 842 1443 vivamus
871 1422 932 1443 non
960 1413 1129 1455 immundi,

626 1462 764 1500 Propter
791 1460 956 1493 Christum
985 1462 1149 1502 abnegare

622 1510 757 1542 Nosmet
785 1515 815 1541 et
844 1512 890 1541 sic
917 1510 1067 1542 habitare

672 1558 809 1591 Fratres
839 1559 871 1590 in
900 1569 1017 1593 unum.

307 1626 374 1662 Die
402 1628 449 1662 ini
478 1627 599 1662 Druck
626 1626 967 1666 hervomehobenen
995 1627 1119 1663 Worte
1147 1627 1358 1663 lielzunden.
1396 1628 1471 1662 dass
1501 1629 1564 1663 das

209 1686 319 1722 smel<
349 1685 412 1722 auf
438 1686 491 1722 Ps.
520 1687 599 1727 1:232,
631 1687 645 1721 1
677 1685 798 1726 Bezus.r
825 1686 962 1721 nimmt.

561 1769 591 1800 2.
621 1767 739 1800 Sancte
767 1766 871 1808 Sergi,
900 1772 1025 1808 martyr
1053 1766 1158 1802 fortis,

620 1815 723 1848 Nobis
750 1825 810 1856 per
837 1820 879 1848 te.
908 1815 972 1854 fac,
1000 1817 1137 1848 extortis

620 1868 647 1898 A
676 1865 839 1897 secundae
868 1875 969 1905 poena
999 1867 1112 1897 mortis

620 1913 701 1947 Pars
728 1923 890 1954 supernae
916 1915 1011 1947 detur
1038 1916 1146 1946 sortis.

622 1965 700 1997 Fac.
728 1963 889 1996 intremus
917 1964 994 1996 Sion
1023 1965 1126 2004 portis

619 2014 659 2046 Et
690 2013 841 2045 caelestis
868 2023 925 2045 nos
952 2014 1095 2045 cohortis

668 2062 757 2095 Deus
783 2063 892 2103 iungat
921 2063 1059 2095 civibus.

668 2112 748 2144 Tuis
774 2112 877 2144 sacris
906 2112 1057 2152 precibus

670 2161 738 2193 Fac
765 2171 823 2193 nos
850 2161 882 2193 in
910 2161 1106 2193 caelestibus

669 2210 877 2251 Conregnare
903 2211 1037 2243 sedibus

720 2260 799 2292 Cum
828 2258 999 2294 fratribus,

303 2338 344 2375 In
371 2339 486 2374 einem
514 2336 853 2374 handschriftlichen
880 2336 1028 2373 Brevier
1055 2349 1122 2373 von
1152 2337 1304 2380 Rmmes,
1345 2338 1397 2372 15.
1425 2337 1560 2381 Jahrb,

206 2397 295 2435 Cod.
323 2398 486 2434 vatican.
517 2396 688 2434 Ottobon.
717 2396 799 2432 543.
833 2395 993 2433 befindet
1027 2397 1099 2432 sich
1135 2397 1191 2431 ein
1229 2397 1275 2432 ini
1304 2397 1452 2439 ubrigen
1480 2408 1560 2443 pro-

204 2457 363 2494 saisches
390 2456 555 2493 Officium
595 2457 658 2493 des
693 2456 740 2492 hl.
769 2455 1062 2502 Symphorianus.
1115 2455 1346 2502 Rhythmisch
1382 2457 1458 2493 sind
1496 2469 1562 2494 nur

208 2517 268 2554 die
293 2516 376 2553 funs
403 2517 630 2564 Antiphonen
659 2515 724 2551 der
748 2515 886 2561 Vesper
911 2516 1020 2551 sowie
1046 2517 1110 2552 das
1137 2515 1397 2553 invitatorium.
