1650 2727
673 139 913 176 ,28-

122 237 154 271 3.
184 235 281 270 Absit
307 237 472 279 iniquitas,
825 243 860 274 4.
888 240 1011 280 thuid
1039 239 1217 283 exorbitas,

180 286 300 318 Manet
323 287 522 329 viryi‘nitas,
885 289 1003 321 Manet
1027 288 1216 332 viryinitas‚

182 335 285 368 Dolus
312 340 344 368 et
369 336 514 376 pravitas
884 337 1023 370 Iudaeae
1051 338 1204 380 caecitas,

231 385 284 417 Ab
310 385 372 418 hoc
399 385 544 427 collegio,
931 387 1057 420 Errans
1084 387 1116 419 in
1143 385 1256 419 invio?

182 433 294 466 Manet
322 434 492 474 virginitas
882 436 997 468 Manet
1023 435 1194 477 virginitas

232 483 268 515 In
296 484 478 523 puerperio.
932 485 969 518 In
996 485 1182 526 puerperio.

529 623 559 653 5.
589 620 641 653 Ad
668 620 753 653 trina
779 621 914 658 excitas,

588 668 707 701 Manet
734 670 921 710 affinitas,

590 717 657 749 Nos
683 727 808 750 summa
834 715 971 763 [deitas]

639 766 783 799 Laudem
809 776 880 799 cum
906 767 1038 809 gaudio,

587 815 701 848 Manet
727 816 897 855 virginitas

634 864 670 895 In
699 865 885 905 puerperio.

200 997 321 1025 Collect.
345 1006 396 1025 ms.
416 999 541 1026 Maioris
564 999 740 1026 Monasterii
771 1007 847 1026 saec.
874 997 947 1027 ¹³lu.
971 998 1043 1027 Cod.
1063 1000 1214 1028 Tui-ouen,
1236 997 1293 1027 615
1315 997 1402 1032 (927).
1424 1013 1461 1018 -

120 1036 145 1069 5,
166 1034 177 1063 1
202 1037 307 1064 Atrina
330 1038 453 1064 excitas.
482 1052 512 1055 —
538 1038 599 1065 Ans
621 1038 719 1066 dieser
733 1039 788 1065 Hs.
804 1037 880 1066 auch
903 1040 949 1066 bei
966 1038 1145 1071 Luzarehes,
1167 1038 1260 1066 Office
1283 1038 1318 1066 de
1333 1038 1462 1075 Ρὲιφιεε,

116 1086 143 1112 p.
167 1074 204 1103 30
227 1084 279 1110 sq.,
302 1077 355 1103 mit
381 1076 538 1112 folgenden
561 1077 707 1104 Fehlern:
737 1076 761 1109 1,
793 1075 804 1103 l
830 1078 875 1104 Oh
898 1077 1010 1105 laudes.
1034 1092 1071 1097 ——
1095 1076 1122 1107 2,
1144 1075 1162 1105 3
1183 1078 1299 1106 Mariae
1326 1080 1462 1105 servatur

117 1116 240 1150 puritas,
271 1129 306 1133 —-
329 1113 356 1147 2,
371 1114 389 1142 4
410 1119 502 1143 sacro
524 1116 660 1143 consilio.
683 1130 720 1134 —-
743 1115 769 1149 2,
785 1115 803 1143 6
825 1116 907 1144 fehlt.
930 1131 965 1136 -
988 1114 1014 1149 3,
1031 1114 1049 1143 3
1070 1116 1167 1144 Dolus
1189 1120 1218 1143 et
1242 1118 1409 1152 impuritas.
1427 1130 1462 1136 «-

118 1151 146 1185 3,
167 1152 184 1180 6
206 1153 288 1181 fehlt.
307 1168 340 1172 —
357 1154 383 1187 4,
407 1153 425 1181 4
447 1154 560 1182 Erratis
584 1156 613 1182 in
636 1155 760 1183 inferno.
777 1169 813 1175 —
828 1155 854 1189 4,
872 1153 890 1182 6
910 1155 991 1184 fehlt.
1007 1170 1046 1176 --
1060 1155 1087 1189 5,
1106 1154 1117 1184 l
1142 1157 1260 1183 Aeriam
1285 1157 1407 1183 excitas.
1424 1169 1460 1175 -

118 1192 144 1223 5,
168 1191 185 1219 6
206 1192 288 1220 fehlt.

550 1383 590 1415 17.
634 1385 667 1416 ln
694 1384 869 1417 Nativitato
892 1384 1022 1417 Domini.

119 1516 153 1548 1.
176 1514 265 1554 Ignis
291 1515 324 1546 in
351 1513 431 1546 rubo
458 1515 609 1556 cernitur,
821 1516 851 1549 2.
881 1515 975 1547 Nunc
1002 1516 1096 1556 ignis,
1123 1516 1176 1556 qui
1203 1516 1372 1557 aspicitur,

177 1563 276 1594 Festa
303 1562 371 1595 dies
397 1573 486 1595 nunc
510 1562 637 1605 colitur,
880 1563 978 1597 Festa
1005 1563 1074 1596 dies
1100 1574 1190 1597 nunc
1215 1565 1343 1603 colitur,

181 1611 294 1651 Neque
321 1611 420 1643 rubus
447 1611 659 1651 comburitur,
879 1612 915 1644 In
943 1612 1034 1655 rubo,
1062 1613 1258 1654 intelligitur

180 1660 252 1692 Hoc
279 1661 414 1699 mystice
439 1660 633 1693 ostenditur.
877 1661 1030 1701 Spiritus,
1056 1663 1111 1702 qui
1135 1662 1305 1695 emittitur.

228 1708 435 1750 Congaudeat
461 1709 609 1749 eeclesia,
926 1710 1136 1751 congaudeat
1162 1712 1312 1750 ecclesia,

180 1756 280 1789 Festa
308 1757 376 1789 dies
403 1766 486 1789 nunc
511 1757 638 1797 colitur,
877 1757 977 1790 Festa
1004 1759 1073 1791 dies
1099 1769 1184 1792 nunc
1210 1760 1338 1798 colitur,

228 1806 321 1838 Nova
349 1806 493 1838 dicamus
518 1807 648 1847 gaudia.
925 1807 1017 1839 Nova
1044 1807 1188 1841 dicamus
1214 1809 1345 1849 gaudia.

466 1944 497 1976 3.
526 1943 609 1975 Dum
635 1951 716 1983 puer
742 1942 835 1975 nobis
862 1943 1017 1985 nascitur,

524 1991 625 2024 Festa
652 1991 719 2024 dies
745 2001 835 2024 'nunc
860 1991 987 2031 colitur,

528 2042 591 2073 Per
617 2049 709 2081 quern
737 2040 833 2072 homo
860 2041 1033 2074 redimitur

525 2090 554 2121 A
582 2091 694 2132 morte,
725 2098 807 2129 quae
832 2099 896 2122 non
922 2091 1071 2131 moritur,

571 2138 782 2178 Congaudeat
808 2139 956 2178 ecclesia,

524 2187 623 2219 Festa
651 2187 720 2219 dies
744 2196 829 2219 nunc
855 2187 983 2229 colitur,

569 2235 664 2268 Nova
691 2236 835 2268 dicamus
861 2237 990 2277 gaudia.

192 2372 314 2401 Collect.
338 2382 391 2400 ms.
412 2372 538 2399 Maioris
560 2372 737 2400 Monasterii
765 2381 841 2400 saec.
865 2370 938 2400 ¹³lu.
962 2371 1033 2401 Cod.
1053 2373 1203 2401 Turonen.
1228 2372 1285 2403 615
1305 2373 1393 2409 (927).
1416 2391 1453 2396 -—

116 2412 138 2443 1,
162 2411 180 2440 4
210 2412 289 2440 steht
319 2413 349 2440 in
379 2412 430 2439 der
451 2413 506 2439 Hs.
527 2411 627 2438 liintei·
650 2410 674 2443 1,
696 2411 722 2438 7.
747 2426 781 2430 —
806 2411 830 2444 l,
853 2410 870 2439 6
891 2421 945 2440 nec
973 2413 1091 2440 colitur.
1113 2428 1152 2432 —
1172 2411 1199 2446 3,
1221 2412 1239 2442 6
1260 2423 1315 2443 nec
1335 2414 1456 2443 colitur.

112 2454 172 2480 Ans
201 2453 298 2480 dieser
319 2452 373 2481 Hs.
396 2452 471 2479 auch
494 2451 542 2478 bei
564 2450 750 2480 Luzarches.
772 2450 863 2479 Office
885 2451 921 2479 de
944 2451 1076 2488 Piques,
1098 2462 1125 2489 p.
1147 2451 1195 2486 47,
1216 2455 1272 2481 mit
1292 2454 1454 2492 folgenden

110 2492 255 2520 Fehlern:
278 2490 304 2526 2,
326 2490 345 2519 4
367 2492 456 2528 Spem
477 2491 529 2526 qui
552 2492 706 2519 emittitur.
729 2505 765 2509 —
787 2489 815 2523 2,
837 2489 912 2518 5—7
934 2491 1042 2520 fehleu.
