1650 2727
732 158 976 194 -37-

195 259 228 292 7.
255 259 328 292 Hoc
353 267 503 300 maguum
528 266 643 290 nomen
670 257 794 299 gloriae
898 258 930 291 8.
955 257 1053 298 Laus⁷
1085 256 1223 294 bonitas,
1253 257 1410 297 potentia,

255 307 305 340 Sit
332 307 424 340 nobis
451 306 648 346 benedictio,
957 306 1072 338 Honor
1097 306 1137 337 sit
1166 309 1279 338 sancto
1307 306 1437 344 nomini,

256 356 396 390 Nostrae
421 355 519 389 fixum
544 355 730 395 memoriae,
958 355 1070 387 Virtus
1095 359 1125 385 et
1153 355 1315 395 sapientia

256 405 329 438 Non
357 405 503 438 caritatis
531 403 628 437 fictio.
956 403 1087 436 Christo
1115 402 1184 435 Deo
1212 407 1243 434 et
1270 403 1402 436 homini.

261 502 384 530 collect.
410 511 462 529 ms.
486 501 540 529 FF.
565 501 593 529 S.
617 501 723 528 Crucis
746 502 777 527 in
799 500 925 529 Colonia
948 509 1025 527 saec.
1052 499 1095 528 15.
1111 500 1183 528 cod.
1200 500 1408 527 vindobonen.
1432 499 1526 535 455&

180 542 236 569 mit
257 541 397 570 Melodie.

595 727 640 759 37.
683 729 715 760 In
739 727 923 769 Epiphania
946 727 1078 759 Domini.

192 852 224 885 1.
252 851 384 884 Oriente
411 851 519 883 oriens
896 852 928 884 2.
958 852 1082 883 Auctor
1108 851 1207 882 saecli
1234 852 1379 882 nascitur

300 899 402 933 Stella
429 909 513 932 nova
541 899 667 940 claruit,
1006 899 1214 932 Saeculorum
1239 909 1384 941 vespere,

251 949 300 981 Ex
329 949 427 982 Iacob
455 949 625 989 egrediens
956 949 985 981 A
1011 949 1113 989 magis
1140 949 1327 989 agnoscitur

301 996 435 1030 Lucifer
462 998 603 1030 emicuit,
1005 996 1136 1030 Artifex
1164 999 1196 1030 in
1222 1008 1332 1038 opere,

252 1047 387 1079 Balaam
412 1047 622 1088 praesagiens
957 1046 1156 1080 Adorandus
1183 1047 1328 1079 creditur

301 1096 344 1129 Ut
371 1096 446 1128 olim
475 1096 614 1128 edocuit.
1005 1096 1093 1129 Unus
1122 1097 1206 1128 trino
1234 1105 1375 1128 munere.

572 1214 603 1247 3.
634 1213 669 1244 In
698 1218 768 1245 ture
796 1214 961 1248 divinitas.

683 1264 719 1296 In
748 1273 827 1296 auro
855 1264 1041 1306 dominium,

633 1312 670 1343 In
698 1321 806 1345 murra
834 1314 1017 1345 mortalitas

684 1362 726 1394 Et
754 1363 861 1394 carnis
889 1362 1097 1403 supplicium,

630 1410 673 1442 Et
703 1412 782 1443 haec
809 1410 871 1443 tria
900 1413 1020 1443 caritas

682 1458 803 1494 Offerat
832 1459 989 1493 fidelium.

253 1557 342 1593 Trop.
371 1566 423 1584 ms.
447 1557 643 1585 Martialense
665 1565 743 1586 saec,
768 1556 812 1585 12.
835 1557 907 1585 eod.
931 1558 1060 1585 Par-isin.
1083 1557 1168 1586 3719.
1193 1574 1229 1579 ·-
1250 1558 1284 1591 2,
1314 1560 1332 1585 2³»
1354 1560 1395 1586 Ac
1419 1561 1524 1595 magis.

602 1786 650 1818 38.
693 1787 726 1819 ln
750 1786 933 1828 Epiphania
955 1787 1087 1819 Domini.

186 1908 216 1942 1.
245 1909 313 1941 lam
343 1917 399 1941 ver
425 1909 583 1952 exoritur,
893 1912 923 1943 3.
953 1910 1050 1952 Ecce,
1079 1910 1138 1942 flos
1165 1912 1280 1951 oritur,

243 1957 426 1991 Laetemur
452 1958 564 2002 mitur,
952 1960 1133 1993 Laetemur
1161 1961 1272 2002 iyitur,

244 2007 358 2040 Hiems
385 2008 576 2044 conteritur.
955 2009 1066 2042 Herba
1093 2019 1178 2042 nunc
1203 2010 1359 2044 nascitur.

294 2057 408 2090 Cesset
431 2058 579 2103 tristitia,
1002 2060 1116 2092 Cesset
1145 2059 1293 2098 tristitia,

293 2106 437 2140 Floralis
461 2108 579 2150 gaudia
1004 2108 1148 2141 Floralis
1175 2109 1294 2149 gaudia

292 2156 358 2189 Dat
385 2156 585 2199 Epiphania.
1003 2158 1067 2190 Dat
1095 2157 1292 2199 Epiphania.

180 2275 212 2308 2.
242 2273 357 2308 Hiems
384 2275 576 2319 conteritur,
892 2278 924 2309 4.
954 2276 1064 2309 Draco
1091 2277 1284 2318 conteritur,

240 2322 422 2358 Laetemar
448 2323 561 2368 mitur,
952 2326 1134 2359 Laetamur
1159 2326 1272 2368 ὁρίων,

242 2372 354 2407 Novus
381 2374 430 2406 sol
456 2374 573 2410 oritur.
954 2376 1021 2408 Pax
1046 2375 1141 2408 nobis
1170 2376 1333 2409 redditur.

292 2423 407 2456 Cesset
432 2424 582 2469 tristitia,
1001 2424 1114 2458 Cesset
1142 2425 1290 2463 tristitia,

292 2472 437 2506 Floralis
465 2474 585 2516 gaudia
1003 2473 1148 2507 Floralis
1175 2474 1294 2515 gaudia

291 2523 359 2556 Dat
384 2522 584 2565 Epiphania.
1002 2523 1067 2556 Dat
1094 2523 1293 2565 Epiphania.
