1650 2727
667 155 936 192 —157—

148 254 188 288 V.
216 253 287 288 Tuo
313 263 364 286 me
390 253 532 296 hospitio

269 302 461 345 Suscepisti,
487 302 631 346 Martha,

218 351 290 394 Ego
315 354 349 384 te
373 351 498 392 recipio

271 401 310 434 In
337 404 523 433 sanctorum
551 404 677 435 sancta.

285 522 301 555 1
311 531 331 554 n
363 522 391 556 L
402 532 420 555 a
430 531 450 554 u
462 522 482 555 d
493 523 503 554 i
515 521 534 554 b
545 532 566 554 u
577 531 603 556 S.

341 584 544 621 Antiphonae.

160 659 196 693 1.
225 659 359 693 Martha
386 659 457 691 sine
483 659 647 692 alimentis

222 709 334 749 Atque
361 709 453 740 navis
481 709 693 741 armamentis

270 757 349 790 Cum
380 757 492 790 multis
519 757 712 791 includitur.

165 831 198 864 2.
227 830 347 864 Servos
382 840 458 863 suos
485 831 636 864 Christus
668 832 771 872 pavit,

224 880 256 913 A
283 880 438 921 periculis
464 880 604 912 salvavit

274 929 431 969 Misitque
457 929 652 964 Marsiliam.

161 1003 195 1036 3.
224 1002 371 1035 Tandem
400 1003 441 1034 ad
469 1012 563 1042 quam
591 1004 743 1036 adierunt

223 1051 450 1092 Populumque
477 1055 709 1084 converterunt

276 1100 373 1132 Fidei
399 1101 442 1132 ad
468 1101 617 1140 gratiam.

168 1175 202 1208 4.
229 1172 313 1206 Erat
338 1173 385 1205 ibi
410 1174 574 1214 quoddam
601 1183 724 1217 nemus,

224 1221 290 1256 Ubi
317 1222 417 1254 draco
444 1228 513 1255 erat
540 1232 656 1255 saevus

276 1271 384 1303 Mirae
410 1272 654 1312 magnitudinis.

867 256 900 289 5.
928 253 1050 286 Sancta
1071 252 1204 285 Martha
1231 259 1344 284 nemus
1370 251 1472 285 intrat

927 302 973 334 Et
999 301 1150 334 draconis
1177 301 1295 333 collum
1323 300 1402 340 ligat

976 350 1119 390 Propi-io
1147 358 1217 382 curn
1244 348 1384 390 cingam.

1027 475 1070 503 Ad
1094 475 1286 502 Benedictus.

858 557 900 591 A.
927 556 954 589 Ο
980 556 1063 588 lueis
1088 554 1265 587 invisibilis

928 605 1090 646 AmatriX‚
1119 603 1253 637 Martha
1280 603 1411 643 nobilis,

929 654 1068 686 Nostros
1101 652 1230 693 depelle
1256 651 1421 693 tenebras,

929 703 1018 743 Quae
1043 703 1116 734 luce
1144 701 1224 734 caeli
1252 701 1392 735 habitas,

952 891 999 922 In
1035 892 1067 923 2.
1106 890 1327 930 Vesperis.

1030 978 1075 1005 Ad
1096 978 1281 1013 Magnificat.

932 1077 958 1110 O
986 1077 1160 1127 salvatoris
1194 1077 1334 1118 hospita,

932 1126 1035 1158 Beata
1062 1126 1193 1159 Martha
1221 1126 1345 1165 inclita,

933 1175 1029 1207 Nunc
1058 1175 1135 1207 felix
1163 1176 1273 1208 iuncta
1301 1175 1454 1216 Domino,

931 1224 997 1256 Ora
1024 1234 1083 1265 pro
1110 1224 1203 1256 nobis
1230 1225 1368 1263 miseris,

932 1273 978 1306 Ut
1003 1274 1164 1306 sociemur
1191 1274 1329 1313 superis.

204 1359 328 1395 Antiph.
351 1367 405 1385 ms.
427 1359 615 1387 civitatense
636 1366 714 1387 saec.
739 1357 785 1387 14.
809 1359 882 1387 Cod.
899 1360 1061 1388 civitaten.
1076 1360 1171 1387 LVII.
1194 1360 1259 1387 add.
1284 1369 1360 1387 saec.
1388 1358 1430 1387 15.
1448 1360 1482 1387 A.

125 1412 161 1416 —
176 1398 263 1426 Brev.
286 1407 340 1425 ms.
357 1398 543 1426 Civitatense
566 1399 638 1426 anni
662 1396 746 1427 1476.
762 1398 834 1427 eod.
850 1398 1011 1427 civitaten.
1029 1399 1156 1427 LXXIV
1172 1398 1232 1431 (281
1247 1400 1279 1426 B.
1296 1415 1334 1418 —
1350 1399 1434 1426 Aueh
1451 1401 1482 1426 in

121 1437 247 1474 Antiph.
270 1446 323 1464 ms.
346 1437 532 1465 civitatense
555 1446 632 1465 saec.
657 1436 701 1466 15.
724 1435 794 1466 Cod.
817 1438 978 1467 Civitaten.
999 1439 1107 1467 XLIV.
1130 1453 1167 1458 ω-
1182 1439 1306 1474 Antiph.
1330 1448 1383 1466 ms.
1401 1439 1482 1466 Civi-

121 1479 238 1505 tatense
262 1485 339 1504 saec.
365 1475 408 1504 15.
431 1477 502 1504 eod.
526 1474 685 1505 Civitaten.
708 1477 850 1506 XXXIX.
878 1493 917 1498 —
940 1479 1024 1506 Brev.
1048 1487 1101 1505 ms.
1124 1479 1311 1506 Civitatense
1334 1486 1412 1506 saec.
1438 1476 1482 1505 15.

122 1510 196 1544 Cod.
218 1515 358 1551 Archiep.
381 1516 504 1544 Utineu.
526 1513 594 1544 Oct.
624 1515 674 1545 10.
703 1531 739 1536 -—-
761 1517 804 1545 In
831 1516 856 1544 1.
883 1517 990 1553 Vesp.
1013 1518 1057 1545 Ad
1080 1518 1179 1555 Magn.
1203 1517 1243 1550 A,
1271 1516 1290 1545 4
1319 1517 1431 1546 delicta
1449 1518 1483 1544 H.

122 1571 159 1575 —
180 1555 223 1582 In
253 1552 280 1582 3.
311 1555 416 1583 Noct.
439 1553 468 1583 R
489 1554 516 1589 3,
538 1554 556 1582 4
578 1556 693 1584 caelica
714 1557 775 1584 AB.

572 1699 620 1732 63.
663 1700 707 1733 De
728 1702 840 1734 saneto
861 1701 1032 1735 Matthaeo.

258 1793 304 1826 In
340 1792 373 1826 1.
407 1771 635 1833 Vesperiss

314 1862 412 1896 Super
434 1860 581 1889 Psalmos.

150 1942 193 1976 A.
221 1940 348 1984 Gaude,
377 1942 454 1975 diva

267 1992 363 2025 radix
388 1992 534 2034 levitica,

221 2041 319 2074 Tanti
346 2042 429 2074 rami

271 2090 352 2124 dans
379 2091 473 2124 nobis
499 2092 630 2133 gaudia,

221 2141 331 2182 Magis
357 2144 467 2174 tamen

270 2190 409 2231 plaudat
437 2190 578 2224 ecclesia

219 2239 374 2282 Apostoli

269 2289 383 2323 dotata
407 2289 524 2331 gloria,

219 2338 384 2372 Matthaei
411 2348 462 2372 re·

268 2389 400 2429 gnantis
426 2388 458 2421 in
487 2388 607 2429 patria.

147 2466 189 2502 R.
216 2467 302 2502 Dum
313 2467 506 2501 Matthaeus
518 2467 687 2502 Christum
699 2465 804 2512 fatur,

267 2517 461 2551 Maurorum
487 2517 576 2559 regis
601 2515 672 2550 filia

932 1796 1018 1828 Vivo
1045 1795 1146 1828 verbo
1171 1796 1353 1836 inspiratur

984 1846 1153 1878 Caelibum
1181 1849 1258 1877 tunc
1285 1846 1482 1886 constantia,

933 1895 1051 1936 Sicque
1079 1895 1212 1927 Christo
1240 1896 1461 1936 desponsatur

983 1944 1125 1985 Insignis
1152 1944 1348 1985 Ephigenia,

863 1993 904 2028 V.
932 1995 1022 2033 Quae
1049 1994 1153 2026 lilium

982 2043 1046 2075 sibi
1075 2043 1272 2076 convallium

933 2092 1045 2126 Habet
1071 2094 1227 2135 iunctum,

980 2143 1110 2175 Mariae
1135 2142 1250 2176 filium.

1032 2279 1078 2307 Ad
1099 2279 1285 2317 Magnificat.

861 2370 903 2403 A.
932 2368 1107 2402 Transfert
1132 2370 1193 2403 Dei

982 2419 1025 2452 ad
1051 2419 1187 2452 Mauros
1212 2419 1316 2452 filium

935 2467 1126 2502 Matthaeus
1155 2468 1237 2502 dans

987 2518 1034 2551 eis
1061 2517 1243 2559 consilium,
