1650 2727
702 159 971 194 —171-

173 255 208 289 2.
236 254 370 288 Visibus
396 255 546 288 humanis
883 261 915 291 5.
943 257 1035 290 Tunc
1062 262 1157 298 pater
1183 258 1325 301 Eligius,

285 307 338 336 ter
363 307 491 336 centum
517 304 659 345 quinque
677 303 810 338 fuerunt
991 310 1084 338 tanto
1111 306 1152 338 de
1178 316 1312 339 munere
1338 308 1454 350 laetus,

232 352 341 384 Annis
366 351 517 385 absconsi
943 355 1070 395 Corpus
1096 359 1283 396 susceptum

283 400 415 434 Christo
441 404 594 434 servante
621 402 747 443 viginti.
992 403 1138 436 condivit
1164 413 1253 436 more
1279 414 1443 438 sacrorum

174 489 208 523 3.
235 487 430 521 Perfodiens
456 489 604 522 cumbum

282 537 482 571 terebraudo
509 538 616 579 ligone
636 542 805 570 venusium
1065 538 1110 566 Ad
1132 538 1320 567 Benedictus.

233 585 306 620 Lux
333 592 366 618 et
391 588 474 619 odor
499 588 625 628 pariter
1010 628 1015 629 ⁷
1052 628 1058 633 ὓ
1102 627 1107 632 ⁴

283 635 408 668 cunctis
436 635 558 668 fulsere
586 641 746 669 verenter.
869 629 908 662 A·
947 628 972 660 0
1000 631 1152 667 Qfflsstffle
1179 637 1283 667 Ssssser
1315 678 1321 683 ·

991 681 1120 709 nostras
1146 677 1210 709 iam
1238 686 1368 718 suscipe
1387 687 1516 719 preceS,

170 725 204 758 4.
232 722 375 764 Pignora
402 733 473 756 cum
502 728 668 765 caperent,
941 725 1050 765 Eligio
1078 725 1243 758 Christum

283 773 393 805 clavos
420 773 602 814 capitisque
630 772 779 814 capillos,
990 784 1128 814 poscens
1143 784 1213 807 cum
1230 774 1381 815 praesule
1397 776 1514 814 lesum,

230 820 393 854 Dentibus
419 822 595 855 abstractis
943 823 1100 857 Conferat
1126 828 1159 855 ut
1188 824 1314 856 veniam

279 869 435 911 profluxit
460 870 596 912 lympha
616 870 753 906 cruoris.
988 873 1083 905 nobis
1111 873 1261 914 vitaeque
1289 882 1450 907 coronam,

234 967 323 995 Brev.
346 966 376 995 S.
399 968 537 1002 Quintini
560 969 631 1003 imp.
654 977 677 995 s.
699 969 719 996 l.
742 973 771 995 et
793 978 809 996 a
833 966 942 1005 [1520]

619 1131 667 1162 69.
713 1130 754 1162 De
776 1134 887 1164 saneto
909 1132 1051 1170 Quirino.

694 1223 757 1256 Ad
793 1224 975 1257 Laudes.

733 1311 935 1348 Antiphonae.

331 1410 362 1443 1.
389 1409 530 1450 Martyr,
561 1410 768 1450 praecinctus
796 1411 928 1443 Domini
955 1410 1088 1450 virtute,
1115 1412 1270 1452 Quirinus

395 1459 530 1491 Fluctus
558 1468 704 1491 errorum
733 1460 855 1499 pressit
882 1460 1105 1492 moderamine
1133 1470 1269 1499 morum,

394 1507 557 1540 Praebens
585 1509 748 1549 exemplO.
776 1508 899 1541 Christi
928 1510 969 1541 sit
998 1509 1102 1549 gloria
1130 1510 1263 1551 templo,

331 1608 362 1640 2.
391 1605 494 1638 Laeto
520 1609 637 1638 conatu
664 1606 756 1638 stetit
782 1607 815 1638 in
843 1605 975 1640 Domini
1004 1605 1174 1649 famulatu,

391 1655 472 1688 Eius
499 1655 540 1687 ad
568 1660 736 1696 aspectum
765 1657 910 1697 rogitans
937 1656 998 1688 sibi
1027 1666 1083 1689 cor
1110 1655 1180 1689 fore
1208 1662 1343 1697 rectum,

395 1704 548 1741 Divinum
576 1713 692 1736 nomen
721 1703 823 1737 ferret
850 1715 912 1746 quo
939 1705 1046 1738 laudis
1075 1706 1242 1739 honorem.

336 1803 369 1836 3.
397 1800 530 1834 Summa
555 1800 686 1834 inflatus
712 1810 770 1834 seu
795 1803 945 1843 corporis
970 1803 1033 1835 iste
1058 1803 1174 1835 beatus

393 1851 489 1883 lllum
517 1851 632 1890 sitivit,
660 1852 715 1892 qui
743 1849 816 1884 fons
842 1852 913 1884 sine
940 1853 1043 1885 limite
1071 1853 1161 1891 vivit,

389 1900 471 1932 Eius
498 1901 653 1932 virtutem
680 1909 743 1942 quo
771 1906 920 1934 cerneret
947 1906 1044 1942 atque
1071 1902 1219 1934 salutem.

329 2002 363 2033 4.
390 1999 570 2040 Angelicus
597 2004 719 2041 coetus,
748 2000 924 2033 Dominum
952 2001 1137 2034 benedicito
1165 2002 1278 2045 laetus,

391 2050 468 2090 lpse
493 2050 581 2089 quod
609 2049 640 2081 in
669 2059 769 2092 regno
795 2050 891 2084 iussit
919 2050 1045 2093 fulgere
1071 2060 1214 2091 superno

391 2099 488 2132 Hunc
515 2100 642 2131 meritis
668 2104 808 2142 gratum,
838 2109 910 2132 cum
938 2101 1139 2141 martyribus
1168 2102 1368 2133 decoratum.

331 2201 363 2233 5.
391 2197 561 2231 Laudibus
589 2199 733 2231 exsultet
760 2199 898 2240 caelum,
926 2208 1028 2240 mare,
1056 2203 1145 2232 terra
1173 2200 1322 2242 resultet,

392 2247 464 2282 Rex
491 2248 569 2288 quia
597 2248 749 2281 caelestis
775 2252 886 2281 manet
912 2248 1007 2281 huius
1034 2249 1139 2290 gloria
1168 2249 1261 2281 testis

391 2297 472 2330 Cum
500 2298 623 2330 sanctis
651 2297 779 2330 cunctis
807 2297 973 2331 caelorum
1000 2298 1122 2331 lumine
1153 2297 1285 2331 functis.

231 2404 322 2433 Brev.
345 2413 399 2434 ms.
421 2405 566 2442 Tegurin.
589 2412 666 2432 saec.
692 2403 736 2432 15.
759 2404 832 2432 Cod.
854 2404 1036 2433 Lambacen
1063 2405 1196 2434 CLXIX
1223 2406 1256 2433 Α.
1288 2420 1316 2424 —
1347 2406 1433 2433 Brev.
1465 2413 1507 2431 m<

152 2445 296 2482 Tegurin.
319 2453 398 2473 saec.
422 2443 467 2472 14.
491 2443 567 2472 Cim.
587 2444 746 2472 Monacen.
771 2441 873 2472 19302
895 2444 930 2471 Β.
951 2459 991 2464 —-
1011 2445 1047 2472 In
1074 2444 1269 2481 1.Vesp.Ad
1288 2445 1390 2479 Magn.
1411 2446 1435 2467 ί)
1457 2453 1518 2472 iex

152 2483 346 2513 caelestis
374 2483 540 2512 famulis
568 2484 754 2511 miserere
782 2483 980 2518 scelestis,
1009 2484 1094 2512 Aual.
1121 2469 1412 2519 XXV111.5.156;
1440 2484 1515 2511 alles

152 2525 267 2554 audere
286 2523 393 2552 Prona.
