1650 2727
208 1291 239 1324 ἰθ

204 1762 236 1796 99

735 167 1006 204 -183-

236 293 243 299 .
271 265 393 300 Pandit
419 265 572 298 Andreas
597 275 746 307 puerum,

318 314 478 347 Dominus
502 314 706 356 interrogat:

269 363 368 399 Unde
393 363 567 404 praebebit
592 363 821 404 prandendum

316 412 454 456 Populo,
483 413 537 453 qui
564 411 728 447 venerat?

267 489 333 522 Dat
359 490 515 523 innocens
540 490 718 531 pisciculos

321 538 434 579 Syrus.
461 548 542 580 quos
570 538 709 581 ferebat,

269 587 312 619 Et
338 597 441 629 panes
469 588 670 620 hordeaceos

316 636 467 673 Auctori.
495 637 549 677 qui
573 636 741 677 pascebat.

409 752 624 788 Responsoria.

231 847 239 854 .
267 821 306 854 In
334 821 414 853 orbe
441 822 600 862 splendor
626 823 734 855 oriens

315 870 507 903 Catholicae
534 876 690 909 testurae‚

267 919 410 951 Verbum
439 929 458 952 a
485 924 580 962 patre
606 922 719 954 exiens

314 968 459 1001 Deificae
485 974 632 1008 naturae,

267 1017 385 1059 Syrum
414 1018 506 1050 dedit
532 1019 694 1060 incipiens

317 1066 484 1099 Honestae
511 1068 730 1108 praelaturae,

224 1140 232 1148 .
265 1115 329 1147 Hic
357 1116 507 1148 civitates
531 1117 656 1157 adiens,

265 1165 316 1196 Ac
343 1165 474 1197 Christo
501 1170 635 1198 cunctos
663 1165 818 1205 colligens

315 1213 470 1246 Deservit
496 1220 676 1247 creaturae.

268 1290 333 1322 Hic
348 1292 409 1333 vir,
426 1301 498 1324 cum
515 1292 664 1325 Christus
684 1292 838 1336 loquitur,

317 1340 451 1381 Spernit
479 1342 577 1373 vitam
604 1341 765 1383 fragilem,

266 1388 345 1421 Cum
374 1391 491 1422 ceteris
520 1391 684 1432 colligitur

316 1438 359 1470 Et
385 1439 428 1471 ad
458 1438 552 1471 fidem
580 1439 732 1472 stabilem

264 1485 376 1519 Fortis
403 1488 528 1520 athleta
555 1489 699 1530 iungitur

313 1536 504 1569 Monstrans
516 1539 669 1570 mundum
687 1538 836 1581 labilem3

267 1583 381 1618 Sermo
407 1586 537 1618 divinus
565 1586 725 1627 funditur,

265 1633 355 1667 Grex
381 1635 515 1668 humilis
543 1637 680 1677 erigitur

313 1684 369 1716 Ad
394 1689 558 1725 pastorem
587 1685 741 1719 nobilem.

268 1761 411 1794 Verbum
440 1765 567 1806 spargit
593 1764 767 1798 affluenter

316 1811 440 1845 Doctus
466 1814 671 1857 Aquilegiae,

265 1859 365 1901 Signa
392 1860 472 1894 facit
499 1864 670 1897 evidenter

310 1910 476 1952 Superans
503 1913 635 1954 egregie

260 1960 432 1993 Inimicum
460 1962 644 1994 eminenter

308 2010 459 2043 Actionis
485 2013 648 2054 optimae3

261 2058 436 2100 Postquam
461 2065 594 2094 sanctus
612 2062 666 2094 hic
685 2065 836 2094 recenter

259 2107 321 2140 Est
347 2109 528 2143 instructus
556 2112 756 2144 excellenter

310 2158 349 2191 In
378 2159 531 2193 doctrina
556 2161 694 2202 gratiae.

323 2307 369 2339 In
397 2309 429 2342 2.
458 2307 694 2342 NocturnO.

406 2385 477 2414 Anti
481 2386 610 2423 phonae.

978 265 1076 299 Unde
1102 265 1221 307 Syrum
1249 264 1311 296 huc
1338 266 1522 299 transmisit

1026 314 1170 348 Firmum
1198 313 1231 345 in
1258 314 1434 348 amoribus,

941 448 948 455 .
976 421 1184 454 Lacrimatur
1210 430 1288 461 gens
1315 421 1434 454 devota

1027 468 1217 502 Pontificem
1244 470 1428 507 attendens,

978 519 1041 552 Per
1066 528 1160 560 quem
1188 518 1337 550 creditur
1361 524 1522 561 promota,

1026 569 1092 602 Sed
1114 571 1224 600 manet
1242 567 1328 598 hunc
1347 567 1550 602 distendens,

941 702 947 709 .
976 677 1015 708 In
1042 676 1172 708 nomine
1198 680 1232 706 tu
1260 675 1391 706 Domini

1028 724 1165 764 Venisti,
1197 724 1380 762 benedicte,

977 774 1130 814 Dirigens
1158 778 1233 805 vota
1260 773 1373 813 populi

1027 823 1158 856 Fudisti
1186 823 1287 854 verba
1314 821 1409 855 vitae.

1119 989 1332 1024 Responsoria.

940 1134 946 1141 .
975 1108 1055 1141 Cum
1083 1108 1247 1147 ingressus
1274 1107 1440 1139 civitatem

1025 1157 1128 1198 Syrus
1154 1160 1241 1188 esset
1268 1157 1472 1196 papiensem,

1075 1205 1342 1239 Commendatam
1371 1206 1527 1247 praesuli,

977 1256 1064 1288 Voce
1090 1264 1205 1294 magna
1232 1256 1402 1286 caritatem

1024 1303 1191 1337 Audiebat
1220 1303 1467 1343 diffundentem⁷

1073 1353 1151 1385 Cum
1182 1352 1344 1385 deflebant
1369 1354 1494 1393 populi.

932 1428 939 1436 .
972 1402 1193 1435 Declinabant
1221 1401 1397 1434 falsitatem

974 1447 1049 1496 [Et]
1077 1450 1236 1493 optabant
1263 1452 1434 1483 veritatem

1070 1501 1294 1533 Lacrimantes
1321 1501 1417 1533 oculi.

939 1644 947 1651 .
974 1619 1050 1652 Non
1077 1620 1181 1661 piger,
1210 1618 1268 1650 sed
1295 1619 1456 1650 sollicitus

975 1669 1179 1701 Eradicabat
1207 1676 1336 1699 errores

1025 1718 1207 1750 Damnatae
1235 1716 1401 1757 falsitatis,

974 1767 1047 1800 Non
1077 1767 1240 1805 horridus,
1269 1767 1326 1798 sed
1354 1767 1497 1803 inclitus,

975 1817 1055 1850 Cum
1085 1816 1275 1848 disseminat
1302 1816 1420 1847 odores

1020 1866 1208 1906 Expressae
1236 1865 1404 1904 veritatisg

917 1915 938 1948 ⁷.
974 1916 1028 1948 Sic
1055 1915 1205 1956 procedit
1232 1915 1272 1946 ad
1303 1915 1453 1954 honores,

973 1964 1028 1997 Sic
1054 1964 1181 1997 accedit
1210 1965 1250 1996 ad
1278 1963 1408 1996 favores

1072 2015 1135 2048 Hic
1162 2018 1273 2045 coetus
1301 2014 1455 2048 civitatis.

936 2161 943 2168 .
974 2133 1148 2174 Postquam
1176 2132 1273 2164 tidem
1291 2133 1548 2174 complantatam

1021 2182 1142 2214 Divino
1170 2187 1297 2221 spectat
1326 2192 1460 2214 munere

1070 2233 1108 2265 In
1135 2230 1318 2264 commissis
1346 2232 1432 2272 filiis,

972 2280 1108 2313 Gentem
1137 2281 1264 2321 quaerit
1294 2281 1508 2322 depravatam

1021 2331 1059 2363 ln
1087 2330 1252 2364 Brixiensi
1279 2339 1410 2371 genere,

1069 2380 1315 2412 Adhaerentem
1344 2380 1453 2412 idolis

899 2429 936 2463 V.
968 2429 1108 2462 Carnem
1138 2429 1295 2460 daemone
1323 2432 1473 2461 vexatam

972 2478 1036 2511 Dat
1065 2488 1135 2511 cum
1165 2478 1262 2510 laude
1290 2478 1461 2510 liberatam

1068 2529 1108 2561 In
1137 2528 1332 2569 propinquis
1359 2527 1506 2570 oppidis,

199 2474 231 2508 1.
260 2474 471 2509 invocantem
498 2478 669 2510 exaudivit

310 2523 460 2559 Christus
487 2536 559 2560 cum
587 2526 774 2569 gemitibus,
