1650 2727
707 144 976 182 -157—

571 278 634 311 189.
677 278 721 311 Do
743 277 931 313 condicione
952 279 1104 311 flumana.

177 368 208 403 1.
238 370 275 402 In
303 370 365 402 boc
392 369 478 402 vitae
504 369 614 402 stadio

236 417 377 450 Diversa
403 417 547 450 conditio

285 467 401 499 Carnis
428 470 477 498 est
504 465 677 510 humanae,

235 515 315 556 Agit
343 515 396 547 hic
421 515 454 546 in
482 515 582 556 vitiis,

236 564 299 597 Ille
325 563 359 595 in
387 563 522 606 divitiis,

287 614 328 646 Et
357 613 410 644 hic
437 616 509 653 eget
536 622 640 654 pane3

235 662 327 694 Mors
353 665 390 693 ut
416 661 510 702 ponit
538 665 651 701 metm,

286 709 375 743 subit
401 710 506 742 omnis
531 719 628 743 sexus
655 713 686 742 et
710 714 812 749 aetas,

240 759 319 792 Cum
348 769 436 791 mors
462 768 622 800 quemque
650 758 737 800 ferit,

289 809 361 850 quis
388 809 484 841 modo
511 813 601 841 tutus
628 808 715 841 erit?

177 908 213 941 2.
240 907 417 941 Concludit
441 908 474 940 in
502 908 625 940 tumulo

242 957 334 989 Mors
362 957 481 989 multos
509 965 549 988 ex
577 956 705 989 cumulo

293 1006 409 1046 Populi
437 1005 638 1047 frequenter,

240 1054 390 1088 Occultat
417 1055 448 1087 in
479 1055 614 1094 pulvere

241 1104 386 1137 Divitem
416 1113 486 1136 cum
515 1112 661 1144 paupere

290 1155 383 1186 Tunc
408 1152 654 1194 indifferentem

243 1202 357 1236 Factis
383 1203 435 1234 vel
463 1201 583 1240 verbis,

290 1252 386 1284 homo
405 1251 556 1293 simplex,
574 1251 662 1284 unde
679 1249 853 1291 superbis?

239 1301 335 1338 Nam,
365 1301 392 1332 si
421 1300 616 1342 credideris,

288 1357 321 1382 tu
349 1350 413 1382 cito
440 1350 548 1391 pulvis
575 1351 652 1383 eris.

887 372 918 405 3.
946 370 1039 402 Bella
1066 375 1196 403 movent
1221 372 1361 412 plurim-1

946 419 1090 451 Mundus
1118 423 1150 450 et
1177 420 1347 452 daemonia

994 468 1131 500 Carnem
1160 467 1366 510 infestantes,

945 516 1070 548 Vulnus
1098 516 1210 548 suffert
1236 517 1354 555 anima,

946 564 998 596 Ex
1026 565 1147 597 eisdem
1175 565 1285 597 saucia

996 613 1142 645 Clamant
1171 614 1231 645 hoc
1260 617 1446 653 ,fg-astantes:

947 661 1033 694 Pace
1061 662 1124 694 frui
1151 663 1248 702 plena

998 712 1132 752 cupiens
1160 713 1201 743 de
1228 711 1326 743 sorde
1353 709 1482 743 refrena

950 759 1101 797 Carnem,
1130 759 1310 792 mortiferis

999 818 1039 840 ne
1066 813 1181 850 pareat
1208 809 1306 841 vitiis.

917 935 922 940 .
953 907 1085 939 Sursum
1114 912 1251 939 mentem
1281 907 1378 947 erige,

952 956 1022 988 Tua
1050 956 1136 988 facta
1164 956 1291 995 corrige

1001 1006 1039 1038 In
1067 1006 1128 1037 hnc
1155 1006 1221 1037 vita
1252 1006 1345 1042 dura,

948 1053 1058 1086 Labili
1084 1063 1121 1087 ac
1148 1054 1261 1092 flabili,

950 1102 1061 1135 Debili
1088 1112 1126 1136 ac
1152 1102 1265 1141 flebili,

1003 1153 1076 1185 Cito
1103 1153 1302 1194 transitura,

952 1201 1056 1234 Sentit
1083 1202 1190 1234 adhuc
1218 1201 1338 1242 proles,

1003 1252 1089 1291 quod
1118 1251 1310 1282 commisere
1337 1253 1507 1292 parentes3

953 1300 1039 1333 Hinc
1066 1305 1121 1333 tua
1149 1299 1238 1332 fucta
1265 1308 1341 1340 rege

1001 1359 1061 1381 nec
1087 1350 1173 1382 mala
1203 1349 1302 1382 corde
1330 1353 1413 1389 tege.

243 1449 316 1476 Piae
339 1446 501 1476 Cantiones
526 1446 601 1475 1582
624 1446 673 1475 fol.
696 1447 724 1474 K
745 1445 797 1474 5a.
821 1455 885 1483 sqq.
912 1445 1098 1483 (Klemming
1114 1446 1165 1479 IV,
1190 1445 1244 1479 19.)
1265 1460 1301 1463 —-
1324 1447 1391 1473 Den
1406 1445 1526 1473 SchluIs

161 1487 248 1525 Jeder
269 1487 398 1522 Strophe
423 1488 518 1515 bildet
539 1489 587 1515 ein
609 1486 779 1515 Distichon.

615 1621 683 1654 190.
724 1621 769 1654 Do
790 1620 946 1653 Vanitate
967 1620 1080 1652 Mundi.

181 1717 214 1750 1.
242 1717 431 1749 Vanitatum
462 1715 599 1757 vanitas,

291 1765 399 1798 omnia
426 1769 503 1798 sunt
530 1774 623 1808 vana,

241 1815 297 1848 Nil
324 1815 384 1848 sub
411 1816 480 1847 sole
507 1815 627 1847 stabile

289 1866 322 1898 in
351 1864 418 1897 vita
442 1865 594 1904 humana,

241 1915 340 1948 Velut
367 1913 473 1946 fumus
501 1914 633 1946 transiit

290 1965 396 2006 gloria
422 1964 598 1996 mundana.

242 2015 312 2047 Isto.
339 2022 398 2046 cur
423 2013 645 2055 amplecteris,

290 2074 308 2096 o
335 2067 370 2096 tu
397 2073 488 2096 mens
515 2060 656 2095 insana?

178 2165 212 2199 2.
241 2163 366 2197 Caecus
391 2172 426 2194 es
436 2164 451 2194 ’ἐ
479 2171 520 2195 an
548 2162 662 2194 oculus

292 2212 353 2246 tibi
381 2211 537 2254 caligavit

242 2261 288 2294 Et
313 2261 438 2303 apertis
465 2260 569 2294 oculis

292 2310 436 2343 caecitas
462 2310 654 2352 prostravit,

244 2359 305 2392 Vel
332 2364 420 2392 tuam
448 2359 646 2392 dementiam

293 2407 388 2441 furor
411 2407 610 2442 induravit?

245 2459 316 2491 Ista.
340 2466 406 2490 non
433 2457 624 2490 consideras

296 2515 402 2547 neque
429 2516 486 2540 cor
511 2503 671 2547 expavit?

893 1716 926 1748 3.
953 1713 1027 1755 Dic,
1055 1715 1154 1746 miser
1179 1714 1385 1753 homuncule,

1004 1764 1159 1804 quidnam
1188 1763 1348 1807 cogitasti,

954 1813 1053 1847 Cuius
1081 1816 1176 1845 crunt
1203 1813 1312 1846 omnia

1004 1863 1096 1905 haec,
1126 1872 1208 1902 quae
1235 1860 1470 1903 congregasti?

955 1912 1009 1945 Ad
1037 1916 1134 1953 caput
1163 1912 1332 1953 reponitur

1004 1962 1076 2000 tibi,
1105 1962 1192 2002 quod
1219 1960 1361 1994 amasti?

956 2011 1182 2052 Nequaquam,
1210 2010 1269 2043 sed
1297 2011 1448 2051 possides

1007 2061 1054 2103 id,
1082 2061 1168 2102 quod
1196 2060 1366 2102 ignorasti.

924 2186 931 2194 .
959 2156 1111 2194 Animam
1139 2159 1263 2191 diaboli

1007 2210 1141 2250 rapiunt
1167 2210 1209 2242 ad
1238 2217 1369 2250 poenas,

957 2259 1063 2291 Amici
1094 2258 1250 2300 pecunias

1007 2308 1159 2340 dividunt
1185 2314 1350 2346 amoenas,

958 2357 1095 2390 Vei-mes
1124 2365 1255 2388 carnem
1283 2355 1443 2388 devorant

1006 2406 1102 2438 simul
1129 2409 1225 2446 atque
1252 2413 1364 2445 venas,

960 2455 1026 2488 Res
1051 2458 1107 2488 tuo
1135 2453 1321 2486 devolvitur

1011 2504 1054 2537 ad
1081 2512 1194 2536 manus
1220 2503 1355 2536 alienas.
