1650 2727
717 135 957 172 ..66-

578 338 628 368 82.
673 339 714 369 De
738 346 762 368 s.
785 337 924 370 Iohanne
946 337 1102 379 Baptista.

175 438 206 470 1.
236 437 323 470 Cleri
349 437 555 475 universitas,
879 440 912 472 4.
942 439 1025 471 Dum
1053 440 1183 472 iuventa
1214 437 1334 477 floruit,

233 485 328 518 Solve
355 486 469 519 laudes
498 487 629 520 debitas
942 487 1104 520 Maculari
1131 489 1255 528 respuit

282 535 383 567 Beato
409 535 556 576 Iohanni,
989 537 1169 577 Vaniloquo
1196 535 1282 579 felle,

234 583 278 616 Ut
304 592 364 625 per
390 593 461 616 eum
488 584 618 616 siccitas
940 585 1024 617 Hinc
1050 594 1193 618 eremum
1216 583 1317 616 coluit

235 631 356 673 Cesset,
385 636 417 664 et
438 632 616 665 humiditas
940 634 983 666 Et
1009 644 1070 675 pro
1097 637 1193 674 pastu
1218 632 1332 665 habuit

282 681 373 713 Assit
399 681 477 713 boni
501 681 588 714 anni.
992 683 1148 715 Locustas
1174 691 1246 714 cum
1273 681 1379 714 melle.

173 779 205 810 2.
234 776 359 816 Gaude,
388 777 469 809 cleri
497 778 615 818 contio,
886 783 916 812 5.
945 779 1052 810 Vitam
1081 779 1202 811 ducens
1228 786 1377 819 asperam

235 827 375 858 Laetare
401 835 473 858 cum
499 827 628 868 gaudio,
943 827 1063 859 Docuit
1089 827 1131 860 ad
1157 827 1287 859 literam

284 875 459 907 Iohannem
487 875 638 915 implora,
991 877 1100 916 Atque
1127 875 1316 917 baptizavit,

235 924 278 957 Ut
307 924 374 956 eius
401 924 547 956 subsidio
944 925 1073 956 Vestem
1107 933 1224 962 gerens
1251 924 1404 963 bugeram

235 974 392 1005 Aestuum
421 973 533 1005 effusio
943 973 1010 1004 Nec
1038 974 1146 1005 vinum
1173 981 1234 1004 nec
1259 973 1396 1004 siceram

287 1023 398 1055 Cesset
424 1022 545 1063 absque
574 1031 674 1056 mora.
991 1022 1061 1054 Nec
1086 1025 1226 1055 mustum
1253 1022 1391 1062 potavit.

177 1122 206 1152 3.
236 1119 389 1152 Iohannis
418 1119 571 1151 nativitas
882 1122 912 1152 6.
942 1119 1066 1150 Mundo
1093 1119 1206 1151 nolens
1233 1118 1336 1151 subici

237 1170 300 1202 Per
325 1174 429 1201 sortes
457 1167 619 1200 exhibitas
943 1167 1090 1199 Nominis
1117 1167 1257 1207 angelici

287 1218 411 1250 Claruit
436 1217 618 1258 praeclare,
990 1216 1078 1247 Voce
1103 1216 1298 1254 nominatur,

238 1267 296 1299 Cui
323 1266 435 1297 laudes
464 1266 590 1297 debitas
941 1264 1047 1296 Carne
1073 1273 1230 1304 spernens
1258 1262 1347 1296 infici

238 1315 353 1355 Populi
380 1314 580 1346 immensitas
940 1312 1067 1344 Laurea
1094 1313 1269 1352 centuplici

289 1362 391 1395 Debet
420 1363 605 1395 decantare.
989 1362 1086 1394 Caelo
1112 1361 1287 1393 laureatur.

590 1460 620 1490 Τ.
651 1458 734 1498 Lux,
762 1457 894 1489 lucerna
919 1458 1065 1499 praevia,

649 1507 714 1538 Hos
739 1510 847 1537 aestus
871 1505 991 1539 abhinc
1019 1507 1069 1538 via

695 1554 790 1585 Pulsa
815 1554 934 1586 livione

642 1604 693 1634 Ae
716 1602 750 1633 in
777 1603 859 1634 caeli
883 1603 985 1636 curia.

650 1651 713 1684 Ubi
740 1660 804 1690 pax
832 1655 863 1683 et
889 1651 1005 1692 gloria,

696 1698 764 1731 Nos
791 1703 895 1732 tecum
923 1709 1054 1740 repone.

248 1797 361 1825 collect
394 1806 448 1822 ms.
470 1796 663 1822 Tremo-tense
686 1804 764 1822 saec.
787 1794 833 1824 14.
855 1795 926 1823 eod.
949 1796 1078 1823 Parisin.
1104 1797 1200 1823 Nouv.
1225 1806 1288 1833 aeq.
1303 1796 1370 1825 426.
1390 1814 1427 1818 —
1450 1798 1476 1834 l,
1496 1796 1516 1826 6

171 1837 266 1863 honis.
287 1851 323 1854 —
346 1836 372 1867 4,
394 1836 412 1861 4
435 1836 501 1861 llic.
528 1849 559 1852 —
584 1833 609 1866 7,
632 1832 649 1860 2
670 1836 729 1865 via,
752 1835 821 1870 imp.
843 1844 902 1862 von
923 1836 1017 1869 viare,
1041 1838 1182 1863 transitiv
1204 1837 1378 1873 gebraucht.

584 2029 631 2059 83.
675 2029 716 2059 lle
739 2036 761 2057 s.
786 2028 923 2059 iohanne
945 2028 1102 2068 Baptista.

185 2133 215 2165 1.
244 2131 279 2163 In
308 2131 368 2162 hoc
395 2129 478 2161 festo
506 2130 648 2162 breviter
883 2131 914 2162 2.
944 2130 979 2161 ln
1007 2140 1070 2171 quo
1099 2131 1234 2164 Samson
1263 2134 1382 2165 meruit

242 2179 419 2212 Iubilemus
445 2179 568 2219 pariter
944 2204 1382 2217 ........

293 2227 523 2261 collaudantes
551 2227 733 2267 Dominum.
990 2229 1109 2261 Aulam
1137 2230 1220 2261 caeli
1247 2232 1418 2269 scandere.

292 2277 492 2311 Salvatorem
520 2276 672 2310 omnium.
991 2281 1061 2318 Qua
1089 2283 1205 2318 regnat
1231 2289 1290 2312 rex
1316 2279 1454 2321 gloriae.

294 2374 350 2409 R0
367 2374 502 2407 Festum
527 2374 600 2407 miri
629 2374 702 2408 viri.
997 2373 1052 2407 R⁰
1070 2375 1204 2407 Festum
1229 2377 1305 2410 miri
1330 2378 1405 2419 viri,

371 2423 505 2456 Festum
531 2423 604 2455 miri
632 2423 703 2465 viri,
1070 2423 1204 2456 Festum
1230 2427 1305 2459 miri
1331 2428 1405 2469 viri,

418 2473 489 2516 Eia,
519 2472 728 2505 celebremus.
1094 2473 1168 2513 Eia,
1196 2475 1408 2511 celebremus
