1650 2727
702 173 969 211 -160-

192 269 226 302 2.
252 267 359 300 Datus
385 269 500 302 mundi
528 279 664 311 vespere
959 273 1072 307 Plebis
1095 274 1220 306 clamor

300 315 428 350 Mundo
454 320 637 351 senescenti
1009 326 1171 355 mortuum
1196 324 1328 354 resonat

253 365 376 398 Parare
401 366 435 398 in
461 367 594 399 aethere
960 370 1061 410 Regis
1088 371 1151 404 fili-

302 413 411 446 Vitam
440 415 633 454 paenitenti.
1008 429 1075 458 um,
1102 427 1196 459 quem
1224 416 1404 450 resuscitat

192 473 223 505 3.
252 472 380 512 Anguis
407 471 525 505 fraude
550 473 673 506 lividus
960 466 1079 508 Sicque
1104 467 1239 500 Maums

301 520 437 552 Mauros
466 523 665 560 excaecavit,
1009 524 1120 547 errore
1147 515 1279 547 liberat.

250 570 337 609 Quos
364 569 552 601 Matthaeus
579 569 726 603 fervidus

302 617 396 659 Fide,
425 627 482 658 spe
509 619 648 650 sanavit.

189 678 223 710 4.
251 676 326 718 Ore,
357 676 457 708 corde
484 678 610 716 pariter
996 679 1042 712 1„
1079 681 1111 713 2·
1150 677 1376 718 Vesperi&

304 725 384 757 Levi
412 734 616 766 veneremur,

253 774 353 806 Cuius
381 783 479 814 prece
507 774 626 814 iugiter
1060 765 1106 792 Ad
1127 763 1314 800 Magnifieat.

302 822 389 855 Nece
417 828 634 862 protegemur.

195 883 228 915 5.
261 881 406 922 Supplex
435 890 579 913 assessor
606 880 725 912 iudicis

312 931 442 962 Christo
469 930 669 970 supplicabit

256 980 384 1020 Pacem,
414 989 509 1019 quam
538 979 618 1011 viris
645 978 777 1011 caelicis

304 1029 409 1068 Digne
437 1027 638 1068 impetrabit.

890 862 933 896 A.
962 862 988 895 Ο
1015 863 1072 894 lux
1097 861 1326 900 Macedoniae,

1010 911 1183 951 sceptrum
1211 909 1401 952 maiestatis,

964 959 1098 992 Candor
1123 959 1344 1000 Aethyopiae‚

1008 1009 1134 1042 Hortus
1162 1008 1352 1049 voluptatis,

963 1057 1091 1090 Venam
1120 1055 1222 1089 fontis
1249 1058 1376 1098 gratiae

349 1105 394 1132 Ad
418 1105 606 1132 Benedictus.
1012 1106 1182 1138 Reserasti
1209 1105 1323 1146 gratis,

180 1156 220 1188 A.
250 1156 341 1188 Dum
369 1155 558 1188 Matthaeus
963 1154 1156 1188 Illustrator
1183 1155 1311 1193 Indiae,

302 1204 467 1237 Christum
494 1205 678 1243 annuntiat,
1013 1203 1081 1236 Nos
1108 1203 1196 1236 adde
1223 1204 1339 1238 beatis.

232 1291 319 1318 Brev.
343 1300 395 1317 ms.
425 1289 671 1317 Praedicatorum
695 1298 772 1317 saec.
800 1288 842 1318 15.
865 1290 936 1318 Cod.
959 1289 1178 1318 Carolsruhan.
1202 1288 1245 1317 St.
1267 1290 1330 1318 Pet.
1354 1286 1401 1317 32.
1424 1290 1516 1317 -In

155 1329 179 1357 1.
203 1330 312 1365 Vesp.
336 1332 433 1366 Super
460 1330 508 1357 Ps.
525 1330 559 1361 A,
583 1327 600 1356 6
623 1330 753 1365 plaudet.
778 1345 815 1348 —
833 1327 871 1359 R.
894 1327 910 1355 7
937 1338 980 1364 sq.
1004 1330 1062 1357 sibi
1086 1329 1196 1357 lilium.
1217 1327 1308 1364 -Β,
1332 1327 1350 1356 9
1371 1330 1515 1357 vinetum.

152 1385 187 1389 ——
210 1369 256 1396 Ad
277 1369 380 1405 Magn
406 1368 450 1399 A,
475 1367 492 1395 7
514 1377 557 1405 sq.
580 1369 738 1405 Triumphi
762 1370 938 1405 suscipiant.
960 1383 998 1387 ——
1020 1370 1064 1396 In
1091 1366 1119 1395 2.
1147 1369 1198 1396 No
1209 1371 1252 1396 et
1274 1367 1301 1397 A
1322 1366 1350 1404 2,
1373 1366 1391 1396 3
1415 1367 1513 1396 Plebs

153 1424 190 1428 —
211 1406 240 1436 R
262 1406 293 1440 2
329 1408 347 1435 4
369 1408 407 1435 Vi
430 1408 541 1435 Christi
563 1407 848 1436 d·1em0nii.ln
875 1406 902 1435 3.
931 1409 1035 1436 Noct.
1058 1405 1088 1437 R
1110 1406 1144 1441 2,
1167 1406 1185 1435 2
1209 1417 1252 1444 sq.
1275 1411 1377 1444 partes
1400 1408 1514 1435 Indiae.

153 1462 189 1467 --
218 1448 280 1475 Das
309 1446 447 1475 Officium
479 1447 553 1484 tolgt
581 1447 648 1475 dem
679 1447 806 1475 Schema
838 1447 890 1475 des
923 1448 1115 1475 Dominicus-
1118 1416 1294 1475 Officiums¹³
1301 1447 1389 1475 Anat.
1418 1447 1513 1479 XXV,

154 1488 204 1514 Nr.
234 1484 280 1514 85.
316 1501 351 1505 —
375 1487 560 1521 Ημηιιῡιιε
591 1487 635 1514 Ad
657 1487 716 1514 Ves
704 1497 760 1522 p..
790 1487 946 1515 Psallat
971 1487 1113 1515 devota
1142 1488 1288 1515 contio:
1311 1486 1358 1514 Ad
1379 1486 1513 1515 Laudes:

153 1525 290 1562 Fulget
318 1527 357 1552 iu
384 1517 452 1553 cho
462 1535 498 1552 rJ
531 1531 732 1562 martyrum
753 1527 854 1555 (stone
877 1525 1031 1560 111,13⁴2).

617 1670 666 1701 6⁴.
710 1670 752 1701 De
774 1672 885 1702 sancto
906 1670 1046 1703 Nicolao.

290 1762 336 1794 In
376 1763 406 1794 1.
445 1763 666 1802 vesperis.
901 1766 934 1797 4.
961 1763 1084 1796 Divina
1111 1763 1323 1803 providentia

1012 1812 1168 1845 Nicolaus
1195 1812 1357 1845 almificus

962 1861 1099 1893 Ponitur
1126 1862 1159 1893 in
1187 1862 1329 1894 ecclesia

198 1913 229 1946 1.
259 1914 366 1946 Sacris
396 1915 487 1947 duxit
515 1916 672 1956 originem
1009 1909 1197 1950 Episcopus
1223 1910 1395 1946 mirificus-

306 1962 462 1995 Nicolaus
490 1964 693 2003 parentibus,

256 2010 448 2043 Sanctitatis
473 2011 647 2052 imaginem

379 1837 578 1873 Antiphonae.

307 2058 447 2090 Servans
474 2068 493 2089 a
519 2059 715 2100 puerilibus.
1066 2069 1113 2096 Ad
1133 2072 1318 2107 Magnificat.

198 2137 230 2170 2.
258 2136 359 2168 Ortus
387 2136 436 2167 sui
463 2136 570 2175 prima
598 2137 650 2168 die

309 2185 430 2216 Rectus
457 2185 547 2216 stetit
574 2185 608 2216 in
634 2184 786 2225 pedibus,
893 2169 935 2200 A·
965 2166 1165 2201 Veneremur
1190 2171 1304 2206 melna

260 2233 383 2272 Quarta
409 2237 440 2264 et
467 2238 559 2264 sexta
584 2234 684 2264 semel
709 2233 763 2274 pie
961 2214 1092 2247 N¹⁶⁰¹³¹
1120 2220 1245 2264 merua

307 2281 428 2314 Matris
455 2280 542 2313 fotus
569 2281 737 2315 uberibus.
961 2263 1024 2304 qm
1051 2273 1071 2295 a
1096 2268 1236 2304 puerum

961 2311 1082 2344 Plenus
1107 2316 1280 2359 sapientia,

199 2363 232 2396 3,
260 2359 400 2393 Sanctus
427 2359 565 2391 redemit
592 2359 754 2399 virginum
962 2358 1154 2393 Sanctitatis
1181 2362 1241 2396 fuit
1267 2377 1395 2411 norma,

309 2410 421 2442 Trium
449 2412 577 2448 turpem
603 2406 771 2440 infamiam
963 2408 1122 2442 Caritatis
1147 2419 1224 2443 vere
1252 2412 1365 2462 forma

259 2457 363 2500 Clam,
379 2457 491 2490 nolens
501 2457 617 2489 laudes
626 2456 803 2497 hominum,
962 2456 1010 2490 Ut
1035 2458 1079 2490 sit
1103 2458 1198 2490 nobis
1225 2465 1386 2503 propitius

307 2507 390 2541 Auri
417 2507 569 2540 donando
597 2507 733 2547 copiam.
963 2506 1029 2540 Per
1053 2515 1126 2539 eum
1154 2506 1216 2540 Dei
1242 2508 1336 2544 filius.
