1650 2727
695 120 933 186 —.48—

145 252 208 284 4a.
238 249 386 282 Laudem
416 250 526 282 demus
554 250 698 291 pronius,
845 248 909 283 4b.
939 248 1153 282 Harmoniam
1180 249 1326 282 crebrius

244 298 330 331 Voce
356 299 459 331 multa
485 299 622 342 plenius,
942 297 1174 331 Discernentes
1201 299 1330 340 merius,

240 347 400 389 Hilarius,
942 346 1090 379 Celerius

240 397 432 436 Amoenius,
941 396 992 428 Ac
1015 395 1134 429 veriuS.

144 478 164 509 5
180 485 211 509 a.
244 476 305 508 Est,
330 475 363 507 in
390 480 479 507 terra
505 485 569 516 pax
594 475 713 515 largita
848 473 911 506 5b.
944 472 1048 504 Adest
1078 471 1172 504 nobis
1199 471 1287 502 salus
1314 470 1384 511 illa,

242 525 287 557 Et
315 529 486 565 parentum
516 529 562 556 est
590 524 697 563 sopita
946 521 1041 552 Felix
1069 520 1144 552 tulit
1171 529 1267 561 quam
1294 519 1425 558 ancilla,

292 574 430 605 Prorsus
458 572 665 613 maledicti03
994 570 1056 601 Est
1082 573 1113 600 et
1143 569 1339 601 benedictio.

223 650 346 677 collect.
370 658 422 676 τηε.
445 650 628 685 Tegurinum
651 657 727 676 saec.
754 646 796 675 15.
813 646 1058 675 clm.M‹›1·acen.
1084 642 1201 679 18921;
1223 646 1279 672 mit
1300 645 1441 674 Melodie.
1456 660 1491 664 —

140 688 225 716 Nach
251 689 310 716 Str.
332 687 349 715 5
374 688 548 716 wiederholt
570 687 633 714 sicli
656 688 713 715 Str.
735 686 754 714 4
776 688 820 715 als
842 686 1029 714 Rundreim.·

596 801 642 831 57.
686 800 728 832 De
750 799 851 831 Beata
873 799 973 831 Maria
998 800 1032 830 V.

179 876 210 908 1.
239 874 364 913 Gaude,
393 874 544 915 gloriosa,
883 875 915 905 4.
945 871 1031 904 Cura
1058 872 1227 904 deviantes

290 923 479 956 Morborum
509 923 646 961 medela,
995 920 1148 954 Curando
1175 921 1274 964 curia,

240 972 353 1004 Laude
379 972 519 1012 copiosa,
944 970 1090 1003 Procura
1116 970 1242 1003 viantes

290 1023 451 1054 Iustorum
480 1021 592 1052 tutela.
994 1020 1031 1051 In
1059 1019 1178 1052 viando
1204 1020 1267 1053 via.

176 1101 209 1132 2.
237 1099 354 1130 Tutela
383 1099 554 1140 iustorum,
884 1100 915 1130 5.
942 1097 1046 1130 Prece
1072 1098 1221 1138 preciosa

288 1148 429 1187 Copiosa
456 1147 562 1188 laude,
996 1147 1172 1178 Precantes
1198 1146 1343 1186 intende,

236 1196 370 1228 Medela
399 1196 596 1237 morborum,
946 1195 1035 1228 Nece
1062 1194 1235 1227 tenebrosa

288 1246 452 1285 Gloriosa,
483 1246 600 1285 gaude.
994 1245 1174 1276 Peccantes
1203 1242 1354 1276 defende.

178 1327 210 1358 3.
238 1325 299 1356 Via
326 1324 357 1355 in
388 1323 517 1361 viando,
881 1326 913 1357 6.
942 1321 1092 1354 Defende
1118 1326 1303 1363 peccantes,

290 1373 424 1404 Viantes
450 1381 600 1411 procura,
988 1370 1178 1402 Tenebrosa
1203 1379 1294 1408 nece,

239 1422 337 1454 Curia
364 1421 508 1452 curando
941 1419 1076 1451 Intende
1103 1422 1275 1458 precantes

286 1470 463 1501 Deviantes
493 1478 579 1501 cura.
988 1467 1137 1498 Pretiosa
1161 1475 1268 1507 prece.

219 1547 341 1575 collect.
366 1555 418 1572 ms.
435 1546 557 1572 Lirense
581 1554 657 1571 saec.
682 1542 724 1571 12.
748 1544 818 1571 Cod.
841 1543 999 1571 Ebroicen.
1026 1543 1070 1570 17.
1092 1543 1158 1570 add.
1184 1552 1260 1571 saec.
1280 1543 1328 1581 133
1351 1545 1486 1573 zweimal

139 1588 193 1614 mit
214 1587 283 1613 Mel.
308 1587 333 1612 A
359 1585 418 1612 und
440 1586 472 1612 B.
496 1599 532 1602 —
556 1585 601 1611 An
630 1588 756 1611 ersterer
777 1583 869 1610 Stelle
896 1582 995 1619 folgen
1018 1583 1081 1610 sich
1105 1583 1152 1609 die
1176 1584 1341 1619 Strophen:
1374 1583 1397 1611 1.
1415 1583 1442 1612 3.
1457 1582 1485 1611 5.

137 1625 166 1653 2.
187 1625 214 1653 4.
236 1624 263 1652 6.
288 1641 321 1643 -
349 1623 381 1654 5,
403 1623 421 1650 4
442 1624 602 1651 Cantentes
625 1622 747 1649 ‹lt-fende
770 1622 803 1649 A.
826 1637 863 1641 -—
883 1620 910 1655 6,
934 1621 947 1649 l
975 1621 1137 1649 Cantantes
1164 1623 1288 1650 defende
1311 1625 1345 1651 A.
1368 1640 1401 1644 —
1426 1624 1484 1652 Die

136 1664 266 1702 geraden
290 1663 440 1698 Stroplien
463 1666 534 1689 stets
558 1661 791 1697 Uinkehrungen
815 1662 866 1689 der
887 1660 1068 1697 ungeraden.

590 1776 636 1806 58.
678 1776 721 1806 De
743 1775 843 1806 Beata
862 1774 963 1807 Maria
985 1775 1021 1806 V.

178 1852 210 1884 1.
238 1850 346 1882 Verbo
375 1850 507 1881 verbum
534 1850 732 1887 incarnatur,
879 1849 910 1881 2.
940 1847 1106 1888 virginale
1133 1850 1325 1889 gravidatur

238 1899 321 1931 Dum
350 1899 457 1930 Maria
483 1898 643 1929 salutatur
940 1896 1135 1938 Claustrum,v
1171 1899 1266 1930 nimis
1302 1899 1486 1932 admiratur

284 1949 314 1981 A
342 1947 456 1979 salutis
484 1946 603 1985 baiulo,
987 1945 1153 1978 Naturalis
1181 1948 1313 1989 regula;

237 1996 365 2037 sponso
390 2005 511 2036 sponsa
537 1995 725 2032 collocatur,
937 1995 1059 2027 Tecum
1087 1995 1175 2027 Deus
1202 2002 1367 2039 operatur,

237 2046 304 2078 Pax
331 2045 363 2076 in
390 2049 478 2077 terra
506 2044 702 2077 reformatur
940 2043 994 2075 Sic
1021 2043 1165 2076 breviter
1190 2047 1399 2085 persolvatur

286 2094 446 2128 Universo
473 2093 603 2133 populo.
989 2093 1057 2124 Ista
1083 2095 1338 2132 quaestiuncula.

488 2173 520 2205 3.
550 2172 648 2210 Virgo
675 2173 797 2211 sancta,
825 2173 856 2201 te
883 2174 1036 2210 precatur

549 2220 637 2253 Grex
663 2219 726 2257 hic,
753 2223 788 2250 ut
816 2219 1010 2251 exaudiatur

597 2268 678 2300 Eius
708 2267 907 2308 deprecatio,

548 2319 593 2353 Ut
619 2318 661 2350 ad
689 2325 823 2358 regnum
846 2317 1057 2358 perducatur,

547 2369 585 2400 In
611 2376 674 2407 quo
698 2366 836 2407 quisque
859 2366 1066 2406 praeditatur

597 2415 722 2448 Diurno
749 2415 895 2449 denario.

213 2497 338 2526 Collect.
362 2507 416 2525 ms.
438 2497 564 2525 Lirense
586 2504 664 2523 saec.
690 2492 734 2522 12.
750 2494 822 2523 Cod.
836 2493 996 2523 Ebroicen.
1021 2493 1065 2521 17.
1080 2493 1149 2522 add.
1173 2505 1251 2525 saec.
1268 2496 1314 2526 13.
1335 2499 1392 2527 mit
1412 2501 1484 2530 Mel.
