1650 2727
619 270 660 301 16.
703 270 745 301 De
766 273 881 302 sancta
901 269 1009 302 Berta.

287 370 331 403 In
367 371 398 403 1.
428 370 650 411 Vesperis.

337 449 433 483 super
453 447 600 475 Psalmos.

171 536 211 568 A.
245 535 384 567 Inclitae
411 535 565 576 martyris
593 533 677 568 festa

244 583 366 616 Beatae
393 582 536 617 colentes
562 585 647 616 alma

246 632 457 672 Flagitemus-
487 631 625 669 Christe,
653 637 741 665 tuum

246 681 349 713 Nobis
377 680 449 713 dari
475 681 672 722 praesidium

245 730 314 770 Quo
340 728 428 762 illius
455 738 516 770 ope
544 731 630 762 celsa

247 779 342 810 Vitae
369 787 532 810 sumamus
557 779 748 818 praemium.

342 883 386 910 Ad
410 883 591 919 Magnificat.

178 977 188 984 i
211 979 217 985 .
246 952 419 993 Magnifice
447 962 552 992 regern

294 1001 461 1033 laudemus
489 1003 775 1041 cunctipotentem,

243 1050 355 1082 Omnis
383 1050 432 1081 cui
459 1059 566 1084 sexus5

294 1103 395 1137 aetas,
412 1107 522 1139 genus,
538 1099 619 1130 ordo
630 1103 788 1137 sacratur,

245 1147 307 1186 Qui
335 1147 398 1178 sibi
424 1147 627 1186 praeclaram

296 1195 415 1236 delegit
443 1196 552 1227 vivere
579 1196 719 1237 Bertam‚

247 1243 346 1276 Cuius
372 1244 526 1277 maiestas

295 1301 352 1325 nos
380 1297 530 1334 protegat
547 1302 585 1324 ac
604 1292 789 1326 benedicat.

285 1442 312 1471 A
328 1438 347 1469 d
382 1439 653 1472 Matutinum.

362 1516 581 1542 Invitatorium.

247 1604 362 1637 Contio
389 1612 473 1635 nunc
501 1603 613 1635 hilaris

287 1652 789 1692 Dominoiubilemusinhymnis,

248 1701 378 1734 Caelica
404 1701 459 1742 qui
484 1705 616 1733 sanctae

296 1749 409 1781 tribuit
437 1749 600 1789 sponsalia
626 1749 754 1782 Bartae.

279 1896 325 1928 In
362 1897 393 1928 1.
430 1895 667 1928 Nocturno.

368 1972 571 2008 Antiphonae.

180 2062 211 2094 1.
244 2061 299 2093 Ad
326 2060 456 2093 Domini
487 2070 612 2103 nomen,

294 2113 363 2142 tota
388 2109 537 2142 mirabile
563 2114 661 2149 terra,

247 2158 392 2192 Emicuit
418 2160 538 2191 nostris

294 2207 327 2240 in
354 2206 471 2240 finibus
497 2207 611 2240 inclita
638 2207 748 2242 Berta.

183 2307 216 2339 2.
248 2305 356 2345 Alma,
385 2305 441 2337 diu
467 2304 610 2337 thalamo

294 2354 422 2386 meritis
445 2354 618 2387 coniuncta
643 2353 758 2395 beatis,

247 2403 315 2436 Nos
341 2407 447 2435 tecum
476 2402 545 2435 veri

295 2452 349 2485 fac
373 2451 496 2485 lumina
522 2460 639 2492 capere
665 2452 754 2486 solis,

888 372 919 404 3.
947 370 1063 404 Insons
1091 374 1121 401 et
1148 368 1260 400 mundi

996 417 1076 450 felix
1102 417 1297 450 habitudine
1323 416 1444 458 cordis,

947 468 984 502 In
1018 473 1158 499 montem
1186 466 1318 498 Domini

997 515 1150 556 precibus
1176 524 1234 546 nos
1253 514 1333 546 tolle
1351 513 1493 554 pudicis.

912 653 919 661 .
947 627 1063 661 Gratia
1090 630 1133 660 te.
1164 630 1279 664 mater,

996 675 1146 708 caelestis
1170 674 1277 706 iunxit
1304 678 1452 713 ovanter,

948 725 1128 765 Propterea
1155 722 1295 755 Domino

995 773 1089 805 nobis
1116 772 1302 813 benedicta,
1330 769 1447 803 faveto.

888 887 919 919 ἴ,
947 883 1050 916 Facta
1077 883 1148 915 Deo
1175 882 1334 923 ‘templum

997 937 1030 965 te
1057 930 1283 964 sanctificante
1310 931 1452 974 beatum,

946 982 1015 1015 Fac
1037 980 1189 1021 precibus
1216 981 1336 1012 nostris

995 1030 1144 1062 habitare
1160 1029 1193 1060 in
1209 1029 1362 1062 cordibus
1377 1029 1494 1070 ipsum.

912 1167 920 1175 .
948 1142 1049 1175 Sedes
1079 1142 1175 1183 digna
1202 1141 1263 1174 Dei

995 1191 1167 1232 magnique
1194 1190 1357 1222 habitatio
1384 1191 1482 1232 regis,

946 1240 986 1272 In
1013 1239 1120 1271 medio
1146 1239 1261 1280 templi

997 1297 1099 1329 rec1p1
1127 1297 1185 1320 nos
1212 1297 1311 1329 posce
1330 1297 1494 1329 perennis.

1069 1415 1282 1451 Responsoria.

911 1529 918 1536 .
948 1503 985 1535 In
1011 1508 1240 1535 sacrosanctae

996 1552 1134 1583 sollenni
1158 1552 1279 1584 lumine
1307 1553 1427 1586 Ber-tae

948 1600 1081 1633 Sursum
1109 1610 1181 1633 cum
1208 1602 1357 1634 manibus

996 1658 1090 1681 voees
1118 1654 1148 1681 et
1176 1651 1276 1682 corda
1300 1652 1456 1693 levemus,

915 1723 922 1730 .
950 1699 1019 1738 Quo
1045 1699 1181 1740 meritis,
1211 1700 1363 1740 precibus

999 1756 1057 1779 nos
1083 1748 1187 1780 salvet
1215 1749 1367 1782 conditor
1393 1750 1472 1782 eius

913 1887 919 1893 .
948 1859 1067 1892 Sancta
1094 1859 1156 1892 Dei
1183 1860 1294 1903 Berta,

989 1908 1494 1956 praedulcisFranciaealumna,

946 1959 975 1989 A
1003 1957 1135 1989 summis
1162 1967 1334 1998 procerum

996 2014 1187 2046 generosum
1215 2009 1353 2047 protulit
1373 2014 1497 2052 ortum,

914 2079 922 2086 .
950 2055 1030 2088 Cum
1058 2056 1165 2088 carnis
1191 2065 1310 2097 genere

999 2103 1117 2136 mentis
1145 2105 1248 2146 proba
1274 2106 1459 2141 nobilitate.

914 2234 920 2240 .
950 2209 1076 2251 Sponsa
1103 2211 1177 2243 huic
1204 2222 1325 2253 sponso

997 2262 1180 2303 coniuncta,
1207 2261 1305 2294 beata
1329 2263 1437 2308 beato,

949 2308 1014 2340 Par
1040 2309 1165 2350 insigne
1191 2311 1321 2351 animis,

999 2356 1182 2392 Gumberto
1208 2359 1309 2392 Berta
1334 2362 1472 2405 sudam,

914 2429 920 2437 .
948 2406 1047 2438 Prole
1073 2411 1180 2440 tamen
1209 2417 1302 2442 cassa

996 2455 1089 2497 latet,
1114 2466 1156 2489 an
1182 2457 1225 2489 sit
1252 2462 1283 2490 et
1308 2459 1479 2495 inviolata.
