1650 2727
693 158 962 196 -114—

367 259 579 294 Responsoria.
916 261 1076 294 Praesens
1102 258 1253 299 splendet
1278 255 1428 296 ecclesia,

965 308 1068 341 Facta
1092 311 1168 340 sunt
1193 305 1379 340 credibilia.

194 358 226 392 1.
256 359 381 390 Assum
407 357 501 390 nobis
528 357 670 390 celebria

249 407 422 440 Remorum
449 407 632 461 souemnia.
855 427 889 460 2.
916 425 1039 459 Nostra
1064 435 1150 458 nunc
1174 429 1264 457 terra
1290 424 1406 457 iubilet

286 455 512 510 .Herm⁹la⁰d¹
537 455 709 509 Ba¹d¹q¹¹s³⁷
966 475 1144 507 Laetanter
1171 474 1239 506 illis
1265 473 1422 514 serviens,

250 504 358 545 D¹gna
383 505 514 537 landum
542 512 719 544 praecoma
914 523 1064 556 Laudum
1090 523 1178 555 souis
1204 522 1353 562 invigilet

249 553 375 586 Devme
401 562 470 584 cum
499 552 625 606 hemia
966 572 1100 605 Festum
1126 572 1283 603 sollemne
1309 569 1447 605 faciens.

299 601 491 634 Referamus
517 606 658 641 utrique,

190 652 229 686 V.
257 651 300 684 Ut
328 652 440 682 horum
469 659 567 691 prece
592 649 727 688 praevia

252 699 372 732 Christi
400 700 546 730 remittat
571 698 687 738 gratia,
852 691 885 725 3.
913 690 966 723 Ad
994 693 1036 729 te,
1064 688 1204 727 Christe,
1233 687 1408 728 pervigiles

300 749 388 786 Quae
414 748 571 788 gessimus
598 747 718 786 inique,
962 737 1168 770 Exstiteruut
1196 737 1236 768 de
1262 736 1345 776 luce,

913 788 1052 821 Carnem
1081 790 1114 817 ut
1141 783 1225 817 firmi
1253 785 1380 825 pugiles

963 834 1140 866 Domautes
1170 833 1272 865 multa
1299 841 1405 865 cruce.

187 876 221 909 2.
249 874 346 907 Clara
372 877 555 905 sanctorum
583 873 699 904 merita

249 923 347 962 Signa
374 925 635 962 praemonstrant
662 919 789 959 inclita,

297 971 379 1003 Nam
408 972 551 1010 ipsorum
583 970 717 1001 obtentu

249 1020 298 1052 De
324 1020 412 1051 caelo
441 1019 536 1051 datur
564 1018 684 1056 pluvia,

250 1068 396 1107 Fugatur
421 1066 619 1107 aegrimonia

851 953 884 985 4.
912 951 1110 984 Cunctorum
1134 949 1332 982 universitas

961 999 1091 1033 Christo
1118 997 1322 1037 confiteatur,

913 1049 978 1081 Per
1003 1056 1096 1088 quern
1116 1051 1226 1078 nostra
1244 1055 1329 1078 nunc
1348 1045 1496 1086 parvitas

297 1116 452 1148 sanitatis
479 1116 634 1148 adventu.
959 1096 1021 1128 T⁰t
1049 1095 1142 1128 donis
1168 1094 1337 1136 gloriatur·

184 1166 224 1199 V.
253 1166 490 1197 Restaurantur
518 1163 701 1203 deperdita,

247 1214 451 1254 Languorum
481 1216 608 1244 cessant
635 1211 754 1251 taedia,
851 1214 884 1247 5,
911 1213 1013 1247 Exuti
1038 1213 1145 1245 carnis
1172 1213 1258 1244 carie

298 1262 386 1294 Pulsi
417 1262 521 1293 morbi
549 1261 692 1292 detentu.
962 1263 1065 1295 Deum
1092 1263 1228 1294 laudant
1254 1261 1286 1292 in
1316 1261 1426 1301 caelis,

911 1312 949 1343 In
975 1311 1073 1343 laude
1098 1320 1233 1350 quorum
1260 1309 1360 1342 hodie

189 1389 220 1421 3.
249 1387 306 1423 Te,
337 1387 474 1426 Christe,
501 1386 637 1418 laudant
659 1394 787 1426 supera,
961 1359 1111 1391 Resunet
1139 1364 1250 1391 nomm
1278 1359 1406 1399 ehelys·

248 1435 361 1471 Terra,
391 1441 507 1475 pontus
534 1439 565 1466 et
593 1440 712 1472 cetera,

297 1485 512 1525 Quaecunque
539 1483 727 1523 condidisti,

249 1533 309 1571 Qui
336 1537 385 1565 tot
410 1533 443 1564 in
470 1533 556 1564 vitae
583 1540 720 1572 vespera

248 1580 352 1613 Nobis
378 1587 563 1613 sanctorum
589 1582 725 1621 pignora

298 1630 471 1662 Praeclara
497 1630 682 1668 contulisti3

987 1564 1032 1595 ln
1068 1565 1099 1596 2.
1137 1563 1361 1602 vesperis,

179 1678 219 1712 V.
246 1677 350 1710 Nobis
373 1678 501 1710 remitte
528 1677 652 1709 scelera
1019 1670 1115 1705 Super
1135 1669 1321 1706 Magnificat.

248 1726 386 1768 Tibique
411 1737 469 1759 nos
497 1725 703 1765 confoedera,

299 1775 437 1817 Christe,
466 1785 545 1816 quos
573 1775 751 1809 redemisti.
850 1798 891 1831 A.
911 1798 936 1831 Ο
965 1798 1049 1837 Iesu,
1077 1797 1223 1831 fidelium

965 1846 1046 1887 Spes
1073 1851 1105 1878 et
1132 1848 1294 1891 gloriatio,

916 1896 980 1928 Per
1004 1905 1099 1936 quem
1125 1901 1172 1928 tot
1199 1898 1397 1937 magnalium

964 1944 1056 1977 Haec
1081 1945 1156 1978 aula
1184 1946 1334 1987 deposito

1015 1994 1121 2033 Digne
1146 1995 1316 2035 gloriatur,

917 2042 1030 2075 Firma
1056 2041 1138 2074 fides
1165 2044 1320 2076 mentium

317 1972 362 2002 In
397 1970 631 2003 Laudibus.

369 2066 570 2102 A⁰t¹¹²¹¹⁰¹¹ae'
966 2091 1101 2123 Crescat
1127 2097 1159 2124 et
1187 2093 1330 2135 dileetio,

920 2139 972 2171 Da
998 2143 1179 2180 spectatum
1206 2143 1371 2183 gaudium,

195 2186 228 2219 1.
255 2184 445 2217 Sanctorum
473 2185 668 2225 testimonia,
965 2189 1034 2228 Quo
1061 2198 1121 2228 pro
1144 2190 1231 2222 vitae
1258 2192 1375 2225 merito

299 2233 409 2267 Sacris
441 2243 576 2275 quorum
604 2235 794 2275 pignoribus
1016 2237 1063 2269 Te
1091 2237 1190 2271 dante
1215 2238 1355 2276 fruatur,

226 2351 314 2378 Brev.
328 2349 483 2378 Lochense
504 2351 574 2386 imp.
590 2349 762 2380 Turonibus
786 2350 870 2381 1536.
891 2368 930 2372 —-
950 2354 992 2381 In
1015 2353 1041 2382 1.
1056 2355 1161 2383 Noct.
1176 2353 1207 2384 R
1227 2354 1255 2389 2,
1276 2356 1295 2386 3
1338 2362 1489 2390 raemiunt

150 2405 188 2410 —-
209 2391 250 2418 In
276 2386 305 2416 2.
331 2390 439 2417 Noct.
462 2389 488 2417 A
512 2388 536 2422 1,
558 2388 577 2416 4
599 2391 636 2419 Se
658 2392 845 2427 praebentes.
867 2410 904 2413 —
927 2391 953 2420 A
974 2390 1002 2425 3,
1026 2392 1040 2421 1
1064 2393 1127 2422 Sui.
1150 2410 1187 2414 —
1202 2396 1260 2424 Die
1275 2368 1336 2425 RE
1357 2407 1411 2427 aus
1433 2383 1500 2429 deni

149 2429 287 2458 Officium
309 2429 360 2457 des
375 2429 585 2467 Hauptfestes:
609 2431 787 2463 „Lectiones
809 2431 845 2459 de
860 2441 997 2460 sermone
1013 2433 1032 2461 S
1043 2441 1082 2460 ac
1093 2442 1131 2461 ra
1142 2444 1168 2462 m
1178 2438 1303 2464 entum
1320 2446 1388 2466 cum
1403 2441 1502 2469 tribus

146 2471 253 2537 ffiiimgs
274 2466 335 2536 RdR
347 2468 442 2535 Aliexif‘
467 2484 506 2489 —
526 2468 566 2496 In
595 2468 622 2498 3.
655 2470 762 2498 Noct.
785 2469 812 2498 A
835 2469 860 2505 1,
883 2470 901 2500 3
922 2472 992 2499 lies:
1014 2471 1079 2500 eius
1102 2481 1120 2501 a
1140 2475 1239 2502 vitio?
1263 2490 1298 2496 ——
1320 2477 1362 2505 Iu
1382 2479 1501 2508 Laud.

240 2517 294 2536 ene
318 2530 324 2535 .
417 2517 493 2537 eme.
