1650 2727
718 176 762 181 -
815 156 858 192 18
911 176 955 181 -

735 254 936 282 Astronomia.

509 343 540 376 7.
568 342 652 376 Solis
679 344 785 376 lumen
812 343 888 376 luna
914 346 1037 374 tectum

619 392 778 425 Draconis
805 391 992 427 certamine,

571 441 725 473 Nostrum
754 441 859 481 vergit
885 442 916 472 in
949 439 1112 473 defectum

619 491 673 522 Sol
701 494 790 521 ortus
815 490 848 521 in
875 489 1010 531 virgine,

569 540 709 572 Ternum
737 538 855 570 reddat
882 541 917 570 ut
944 542 1110 578 aspectum

617 588 708 620 Mars
736 587 841 618 crucis
867 587 1093 628 quadramine,

570 637 607 668 ln
635 637 765 668 defectu
794 636 874 667 dans
901 634 1048 667 effectum

620 685 720 717 Crisis
747 684 805 716 sub
833 684 982 724 imagine.

244 772 365 800 Collect.
400 781 454 799 ms.
485 771 718 807 Campoliliense
749 779 826 798 saec.
856 770 900 799 14.
930 771 1000 798 Cod.
1031 771 1240 806 Campolilien.
1270 767 1334 798 137.
1364 786 1403 790 -—
1424 769 1455 804 2,
1488 767 1506 797 2

165 811 286 838 Locum.
309 825 345 829 ⁴—
368 809 405 842 4,
434 809 452 837 2
473 811 585 845 Sesqfis
609 813 682 846 part.
704 825 742 829 —
768 808 804 841 4,
832 809 849 837 5
870 811 951 838 bisse
969 809 1091 837 dodran.
1133 810 1190 837 Die
1212 819 1306 847 ganze
1329 812 1388 838 Str.
1411 810 1507 838 bleibt

166 849 424 877 unverstiindlich.
447 866 481 870 -—
505 848 538 879 5,
567 848 584 876 6
613 850 789 876 trisolvitur.
813 863 850 867 —
871 850 928 876 Mit
955 848 1019 875 dem
1042 848 1134 876 Lietle
1163 850 1201 875 ist
1227 849 1281 876 das
1302 849 1432 876 Gedicht
1453 849 1506 877 des

164 889 278 916 Alanus
312 888 586 924 „Exceptivam
614 886 825 915 actionem‘·'
855 887 953 919 (Anal.
982 888 1055 921 XX,
1081 885 1130 920 42)
1150 897 1187 915 zu
1207 887 1415 924 vergleichen,
1445 897 1506 916 von

165 928 231 955 dem
255 938 284 955 es
308 929 374 955 eine
399 928 598 962 Bearbeitung
618 929 665 959 ist,
688 926 747 954 und
770 935 823 953 aus
845 926 911 954 dem
933 935 963 952 es
985 935 1079 962 ganze
1100 926 1235 954 Phrasen
1259 926 1420 955 beibehiilt.

600 1108 627 1139 2.
668 1108 703 1140 In
725 1107 902 1140 Nativitate
924 1107 1054 1140 Domini.

441 1222 472 1254 1.
500 1221 653 1254 Pastores
681 1220 789 1258 dicite,
818 1229 989 1260 quemnam
1017 1220 1170 1252 vidistis?

502 1269 652 1300 Vidimus
678 1269 859 1309 parvulum,
889 1277 981 1310 quem
1011 1269 1208 1302 credidistis.

479 1357 520 1389 R.
548 1356 701 1387 Manibus
729 1356 886 1398 plaudite,
915 1356 1055 1396 pedibus
1082 1357 1189 1395 terite,

549 1404 652 1436 Natus
680 1407 729 1436 est
755 1405 922 1446 parvulus,
950 1414 1027 1446 ergo
1053 1405 1171 1438 venite.

441 1494 471 1527 2.
500 1491 636 1524 Nuntiat
664 1491 815 1532 gaudium
843 1492 976 1533 angelus
1003 1491 1141 1534 fulgenS‚

499 1540 603 1573 Natus
631 1545 678 1572 est
705 1541 860 1581 parvulus
888 1541 1024 1573 crimina
1050 1542 1233 1583 indulgens.

440 1630 472 1662 3.
501 1627 582 1662 Vah,
610 1628 693 1659 lacte
719 1628 866 1667 pascitur
892 1628 982 1660 cibus
1010 1634 1207 1669 sanctorum,

499 1678 537 1710 In
565 1675 659 1708 foeno
685 1677 818 1717 ponitur
843 1686 900 1709 rex
927 1678 1124 1718 angelorum.

437 1766 468 1797 4.
496 1763 617 1796 Dulces
644 1763 820 1805 panniculi,
850 1764 943 1796 dulce
970 1768 1165 1806 praesaepe!

498 1811 593 1844 Felix
621 1816 670 1843 est
696 1813 813 1852 anima,
841 1821 922 1853 quae
949 1814 1040 1846 videt
1066 1823 1174 1855 saepe.

437 1903 469 1935 5.
498 1901 523 1933 Ο
551 1909 645 1940 quam
673 1899 840 1931 mirabile!
870 1911 927 1933 rex
954 1903 1134 1935 maiestatis

498 1948 598 1981 Nasci
627 1949 666 1980 de
694 1948 818 1989 virgine
845 1950 945 1982 voluit
972 1952 1084 1991 gratis.

440 2038 472 2070 6.
500 2037 586 2069 Hinc
612 2037 697 2068 inter
724 2036 845 2069 bestias
872 2038 995 2078 positus
1021 2039 1116 2077 iacet,

500 2085 595 2118 Hunc
621 2087 717 2118 stella
743 2087 880 2126 nuntiat⁷
909 2090 939 2118 et
966 2088 1036 2128 ipse
1062 2092 1159 2122 tacet.

439 2174 468 2207 7.
498 2173 606 2206 Matre
632 2174 833 2215 paupercula
859 2184 984 2215 pauper
1010 2181 1060 2209 est
1085 2180 1192 2218 natus,

500 2222 603 2255 Nobis
628 2223 848 2264 pauperculis,
876 2223 969 2256 nobis
995 2229 1044 2256 est
1071 2226 1177 2259 datus.

439 2311 470 2345 8.
500 2311 606 2343 lesum
632 2310 813 2352 puerulum,
843 2318 948 2353 pum,
978 2312 1120 2346 videbo?

499 2361 605 2394 Iesum
634 2360 855 2393 dulcissimum
883 2361 1012 2402 quaudo
1039 2362 1180 2395 tenebo?

439 2449 470 2483 9.
499 2449 567 2481 Iam
596 2457 666 2479 cum
692 2448 877 2489 pastoribus
905 2449 977 2482 volo
1003 2451 1157 2491 transire,

500 2496 579 2530 Vult
606 2506 695 2529 meus
723 2497 848 2530 animus
875 2499 917 2532 ad
943 2499 1049 2532 lesum
1076 2501 1134 2533 ire.
