1650 2727
142 431 173 463 1.

138 675 170 707 2.

123 1567 159 1598 V.

133 2251 151 2282 <20

673 159 935 195 —184-

266 256 310 288 In
339 256 369 288 3.
399 255 636 292 Nocturno.

346 332 547 369 Antiphonae.

201 431 255 463 Ad
283 431 398 463 altaris
424 432 594 464 sollemnia

248 479 453 519 Frequenter
477 481 510 512 in
537 481 688 514 laudibus

201 527 333 560 Sollerti
361 537 430 560 cum
460 529 608 562 custodia

249 578 329 609 Orat
355 587 414 617 pro
441 577 603 611 fidelibus.

199 674 338 705 Iudaeus
366 679 442 706 tunc
468 675 655 707 incredulus

245 724 336 755 Ausu
363 724 536 756 temerario

196 771 317 803 Christi
343 780 461 814 corpus
487 772 690 813 improvidus

247 822 390 862 Attinsgit
417 831 474 854 ore
501 821 605 855 arido.

165 946 169 949 .
199 917 315 951 Statim
344 918 460 950 clamat
488 918 670 950 haereticus

248 967 323 999 Sine
352 966 455 999 forma
482 968 639 1007 mugiens,

198 1015 263 1047 Sed
292 1020 362 1047 orat
389 1020 464 1047 tunc
493 1016 666 1056 episcopus

247 1064 289 1096 Et
318 1064 351 1095 fit
380 1064 449 1096 Deo
477 1065 633 1098 serviens,

338 1189 551 1225 Responsoria.

164 1302 169 1307 .
197 1277 329 1309 Arcana
355 1277 508 1318 detegens

200 1325 339 1358 Reserat
366 1326 566 1366 prophetans

245 1374 468 1406 Humanorum
495 1375 654 1415 cordium,

198 1423 263 1455 Per
287 1423 368 1455 haec
395 1424 547 1462 pusillum
575 1433 705 1464 gregem

195 1471 341 1511 Ampliat
370 1472 552 1510 perducens

243 1520 297 1551 Ad
324 1524 465 1551 actorem
492 1521 644 1554 omnium.

194 1567 271 1600 Ovis
298 1568 402 1608 fictae,
431 1567 548 1600 fraude
574 1573 690 1608 tectae,

194 1617 326 1648 Vestem
352 1620 461 1648 notam
488 1616 567 1649 facit
594 1623 693 1652 certe.

162 1738 168 1744 .
197 1712 347 1745 Clamans
383 1723 497 1746 caecus
523 1710 750 1758 [il]lustratur‚

196 1763 270 1802 Ipse
297 1762 415 1794 surdus
442 1767 473 1794 et
501 1767 634 1795 sanatur

239 1812 269 1842 A
297 1811 489 1843 condolente
516 1812 653 1846 miseris.

196 1859 279 1890 Vera
307 1859 387 1891 tides
418 1860 614 1899 diffamatur,

194 1907 275 1947 Spes
303 1908 412 1940 futura
440 1910 684 1942 commendatur

240 1957 292 1988 Ab
320 1956 380 1988 hoc
407 1963 542 1997 parente
569 1958 722 1998 posteris.

152 2031 158 2037 .
191 2005 253 2037 Dei
281 2007 384 2037 virtus
412 2006 627 2047 collaudatur,

195 2053 254 2086 Pia
281 2063 370 2085 mens
398 2055 652 2099 congratulatur,

194 2102 317 2135 Christi
343 2101 425 2135 fides
451 2108 678 2145 augmentatur

240 2151 395 2184 Maximis
422 2153 598 2186 miraculis,

159 2276 164 2282 .
193 2249 379 2291 Eventium‚
407 2260 499 2290 quem
528 2250 660 2282 tertium

243 2299 386 2339 Sumpsit
420 2299 522 2331 honor
548 2300 758 2341 praesulariS‚

288 2347 331 2381 Ut
361 2347 489 2380 dixerat
515 2348 687 2393 propheta,

191 2397 380 2437 Pompeium
408 2397 637 2430 intermedium

240 2446 340 2479 Sacer
366 2446 446 2478 ordo
474 2447 635 2479 clericalis

286 2495 504 2536 Consequitur
529 2497 665 2540 assecla,

835 259 872 293 V.

905 259 1104 300 Relinquens
1131 268 1248 300 corpus
1275 262 1443 291 terrenum

904 308 1112 342 Communem
1139 309 1222 348 petit
1246 307 1434 347 Dominum,

952 357 1046 390 Rosis
1073 361 1210 390 vernant
1238 357 1381 390 dumeta.

992 562 1036 593 In
1067 560 1300 593 Laudibus.

1051 656 1255 692 Antiphonae.

840 775 870 806 1.
897 774 999 813 Quam
1026 774 1160 814 gloriari
1186 774 1307 807 sufficit

836 2255 869 2287 5.

901 822 991 854 Haec
1019 823 1144 864 civitas,
1173 833 1255 863 quae
1279 822 1411 864 proficit

947 871 1083 903 Talibus
1109 872 1315 910 pastoribus!

901 919 990 960 Ergo
1017 921 1087 953 Deo
1114 920 1282 960 glorietur,

902 967 949 1000 Ut
975 977 1035 1008 per
1061 969 1165 1009 ipsum
1194 972 1368 1001 coronetur

951 1016 1107 1048 Maximis
1133 1017 1321 1050 honoribus,

902 1142 992 1175 Haec
1019 1143 1174 1184 magistra
1199 1144 1368 1177 civitatum

901 1192 1042 1225 Praebet
1069 1201 1210 1224 summas
1238 1192 1434 1225 facultatum

952 1240 1132 1282 Religionis
1159 1240 1295 1284 Christi,

901 1289 978 1328 Ipsa
1005 1294 1101 1322 vocat
1127 1290 1316 1323 adiacentes

899 1336 943 1370 Et
972 1338 1141 1378 impugnat
1167 1348 1231 1371 non
1258 1338 1432 1371 credentes

949 1386 1003 1418 Ad
1028 1387 1172 1418 rationes
1199 1386 1284 1428 Syri.

864 1538 870 1544 .
899 1511 1004 1543 Orans
1030 1521 1091 1552 pro
1117 1521 1215 1553 grege
1242 1513 1365 1557 vigilat,

898 1559 964 1592 Hic
990 1569 1195 1593 successores
1221 1563 1353 1594 ordinat
1396 1567 1402 1571 '

948 1608 1155 1642 Cathedralis
1180 1609 1314 1649 infulae,

898 1657 982 1689 Istos
1010 1658 1167 1690 doctrinis
1194 1659 1336 1700 instruit,

897 1706 982 1745 Quas
1009 1707 1080 1747 ipse
1105 1706 1254 1739 Christus
1284 1709 1405 1751 docuit,

948 1754 1027 1786 Cum
1055 1756 1186 1787 doceret
1213 1757 1337 1790 sedule.

896 1881 1076 1914 Benedicat
1102 1887 1262 1927 creatura,

897 1929 959 1963 Dei
986 1932 1088 1971 gratis
1114 1932 1316 1971 plasmatura

944 1979 1120 2013 Excelsum
1147 1986 1341 2022 creatorem,

896 2028 956 2066 Qui
982 2032 1031 2060 est
1057 2029 1146 2062 Deus
1173 2039 1213 2063 ex
1239 2036 1367 2074 natura,

896 2075 1002 2109 Homo
1031 2076 1137 2110 factus
1160 2079 1194 2111 in
1219 2084 1346 2113 statura

945 2124 986 2157 Se
1013 2124 1091 2158 fecit
1119 2127 1290 2162 viatorem.

895 2253 1020 2296 Cogita,
1048 2263 1126 2295 gens
1152 2255 1333 2297 incredula,

944 2302 1099 2335 Auctoris
1127 2302 1319 2338 beneficium

992 2350 1069 2383 Sine
1096 2356 1150 2384 tuo
1177 2363 1289 2397 opere,

892 2399 1080 2432 Laudemus
1106 2401 1192 2434 hunc
1218 2414 1278 2444 per
1303 2406 1435 2440 saecula

943 2449 1144 2483 Clericorum
1171 2453 1355 2496 collegium,

989 2498 1026 2530 In
1054 2504 1188 2533 aeterno
1214 2503 1334 2536 sidere.

1439 2433 1448 2450 5
