1650 2727
645 169 913 206 ——161—

241 269 303 302 Ad
337 268 498 302 Matuti
510 277 612 301 num.

307 326 531 355 Invitatorium.

200 396 365 430 Summum
392 404 501 436 regem
528 396 712 436 adoremus,

198 445 349 486 Hymnis‚
379 444 464 478 votis
495 445 701 487 honoremus,

197 495 258 535 Qui
286 493 456 526 Nicolaum
484 493 581 526 hodie

199 543 292 576 Stola
321 542 447 576 dotavit
472 542 608 582 gloriae.

226 652 271 683 ln
309 652 340 684 1.
379 649 614 683 Nocturno.

316 707 518 744 Antiphonae.

136 779 168 813 1.
195 777 294 811 Ortus
320 787 358 810 ex
386 776 567 809 venerabili

244 826 402 859 Nicolaus
430 826 586 867 progenie

194 875 371 916 Proposuit
397 875 532 908 amabiii

245 926 371 957 Vacare
395 925 589 965 sapientiae.

133 996 168 1028 2.
196 994 308 1027 Primo
335 993 400 1035 die,
427 1002 492 1034 quo
518 993 675 1029 nascitur,

195 1044 233 1075 In
260 1041 400 1085 pedibus
428 1041 575 1083 erigitur,

193 1091 384 1125 Sanctitatis
411 1090 617 1132 praesagium

193 1141 340 1174 Futurae
367 1150 440 1173 mox
468 1140 635 1173 indicium.

134 1212 166 1244 3.
195 1209 303 1242 Vitam
328 1209 548 1241 continentiae

240 1258 323 1290 Inde
348 1257 513 1298 genitores

190 1307 338 1348 Eligant,
366 1306 547 1339 modestiae

242 1356 327 1388 Vere
353 1359 546 1389 sectatores,

130 1428 164 1459 4.
193 1424 300 1458 Semel
327 1425 378 1457 lac
405 1428 539 1457 sanctus
566 1424 704 1465 sugebat

238 1474 361 1513 Quarta
390 1483 461 1505 cum
489 1476 582 1505 sexta
610 1471 702 1516 feria,

188 1522 341 1556 Sanctior
368 1531 498 1562 semper
523 1522 623 1555 fiebat

235 1571 357 1604 Divina
383 1572 499 1612 plenus
529 1572 644 1613 gratia.

126 1643 159 1675 5.
187 1641 343 1673 Iuvenum
369 1640 522 1673 lascivias

238 1689 368 1722 Iuvenis
395 1689 533 1731 vitabat,

184 1739 297 1772 Potius
324 1738 481 1771 ecclesias

234 1787 324 1830 vigil
350 1787 521 1822 visitabat.

123 1859 156 1891 6.
184 1857 431 1898 Scripturarum
459 1858 651 1890 memoriter

230 1906 355 1939 Audita
383 1906 558 1947 retinebat,

181 1956 270 1996 Quae
295 1957 504 1996 postmodum
533 1955 674 1989 viriliter

232 2004 373 2039 Servare
399 2005 563 2047 cupiebat.

296 2083 510 2121 Responsoria.

122 2135 154 2169 1.
181 2132 355 2167 Defunctis
384 2135 580 2177 parentibus

230 2183 347 2226 Coepit
376 2184 521 2226 cogitare

178 2232 377 2267 Divitiarum
405 2235 533 2275 copiam

179 2283 217 2316 In
246 2292 427 2324 pauperum
455 2284 598 2325 inopiam

230 2333 324 2365 Velle
351 2342 500 2376 erogare,

227 2381 355 2423 Spretis
381 2382 475 2416 vanis
500 2382 668 2423 laudibus,

107 2430 147 2466 V.
174 2430 412 2466 Thesaurizare
439 2432 579 2473 studuit,

173 2480 221 2516 Ut
246 2481 406 2515 Dominus
432 2480 608 2524 consuluit,

223 2531 262 2565 In
289 2531 455 2564 caelorum
480 2531 630 2566 aedibus.

131 2591 279 2621 Droves.
295 2591 443 2616 Historiae
459 2590 656 2621 Rhythmicae.
687 2589 768 2617 vm.

847 269 882 302 2.
910 267 1030 301 Servus
1056 267 1165 301 tidelis
1193 269 1323 302 Domini

911 317 1025 350 Vicino
1051 316 1115 349 sibi
1140 317 1261 350 homini

956 368 1083 399 Aurum
1111 366 1219 407 coepit
1245 367 1427 408 porrigere,

906 415 989 448 Tres
1016 415 1144 455 putanti
1171 415 1254 447 filias

905 464 959 497 Ad
986 463 1145 496 humanas
1170 462 1324 496 infamias

955 513 1019 545 Pro
1048 517 1243 554 paupertate
1268 513 1410 545 tradere.

839 561 878 595 V.
906 563 1032 594 Aumm
1060 562 1200 604 proiecit
1227 563 1336 601 tertio,

904 610 956 643 Ne
983 610 1125 651 virgines
1152 611 1312 643 comercio

953 659 1057 700 Turpi
1084 664 1220 699 cogatur
1246 668 1378 701 ponere.

843 749 875 781 3.
906 747 1054 788 Ignarus,
1083 749 1165 780 tanti
1193 750 1337 780 muneris

902 797 982 836 Quis
1009 802 1093 829 esset
1123 803 1237 830 auctor
1253 792 1386 838 'operisv

953 846 1074 879 Horam
1102 847 1209 888 coepit
1239 847 1417 883 custodire,

903 894 1023 928 Gratus
1051 896 1162 928 volens
1191 901 1283 928 caute
1310 896 1394 928 scire

951 945 1065 976 Virum
1102 949 1212 977 tantae
1245 945 1447 978 clementiae.

833 993 872 1027 V.
901 992 1097 1025 Custodiens
1124 994 1254 1033 vigilias

900 1041 1006 1074 Homo
1034 1048 1128 1084 pater
1156 1042 1295 1075 familias

948 1091 1076 1124 Invenit
1104 1092 1207 1124 noctis
1238 1094 1354 1124 tertiae

949 1140 1067 1173 Virum
1106 1146 1216 1174 tantae
1245 1142 1446 1173 clementiae.

839 1229 871 1262 4.
902 1229 998 1262 Clero
1026 1230 1124 1261 totius
1155 1230 1298 1261 civitatis

899 1278 964 1310 Pro
991 1283 1124 1318 pastore
1157 1278 1361 1319 congregatis

946 1327 1110 1359 Monstrat
1138 1327 1323 1368 eligendum

897 1375 1020 1408 Divina
1048 1377 1268 1416 providentia.

897 1425 998 1464 Quem
1027 1435 1151 1457 morum
1180 1426 1340 1467 pudicitia

946 1474 1042 1506 Facit
1069 1476 1296 1506 reverendum.

827 1523 868 1555 V.
896 1523 968 1555 Vox
995 1524 1113 1555 emissa
1141 1524 1276 1556 caelitus

898 1571 1070 1604 Nicolaum
1098 1574 1239 1613 penitus.

945 1621 1050 1654 Docet
1078 1622 1349 1663 promovendum.

924 1761 970 1793 In
1009 1761 1039 1793 2.
1079 1759 1319 1794 Nocturno.

1020 1827 1224 1864 Antiphouae.

832 1907 865 1940 1.
893 1907 938 1941 Ut
967 1907 1048 1940 visio
1077 1907 1200 1947 docuit,

941 1956 1046 1990 Nocte
1074 1958 1258 1991 venientem

892 2006 1082 2040 Praesulem
1112 2009 1280 2041 constituit

942 2056 1057 2090 clerus
1086 2058 1294 2091 renitentem.

829 2146 862 2178 2.
892 2145 1090 2178 Cathedram
1119 2145 1295 2186 superbiae

939 2195 1040 2236 Fugit
1067 2195 1274 2234 sublimatus,

889 2243 1045 2278 Privatae
1071 2245 1253 2277 modestiae

938 2294 1065 2327 Statum
1094 2294 1283 2327 meditatus.

825 2381 858 2417 3.
887 2382 1031 2416 Humilis
1058 2386 1130 2415 erat
1157 2383 1338 2421 doctrinae,

932 2433 1034 2473 Quam
1062 2432 1244 2472 inspirabat
1272 2433 1394 2472 unctio,

886 2480 1028 2514 Sanctae
1055 2483 1152 2514 dator
1179 2481 1386 2522 discipliuae,

938 2531 1028 2571 Quae
1055 2531 1263 2571 competebat
1290 2530 1380 2564 vitio.

1228 2587 1260 2617 11
