1650 2727
162 582 214 610 des

702 171 970 208 —182—

235 272 337 310 Quem
363 270 555 304 confidimus
581 280 718 313 regnare

285 320 318 352 in
345 320 444 352 caelis
471 329 543 352 cum
569 320 718 364 Domino,

237 369 283 401 Te
308 372 473 410 potentem
500 378 636 401 exorare

283 418 499 459 deprecamur
524 419 701 462 supplices,

935 272 981 305 Ut
1008 280 1068 314 pro
1093 269 1187 302 nobis
1213 269 1398 302 intercedas

985 319 1125 352 fidenter
1151 319 1193 351 ad
1220 318 1407 358 Dominum,

935 369 996 409 Qui
1018 373 1051 401 te
1077 376 1186 399 secum
1214 370 1423 408 regnaturum

985 418 1042 450 dat.
1067 425 1126 458 per
1151 425 1246 448 omne
1272 415 1446 448 saeculum.

239 506 325 532 Brev.
355 513 409 532 ms.
431 503 719 540 Carpentoractense
749 512 827 532 saec.
856 502 899 531 14.
923 503 994 531 Cod.
1017 503 1154 530 Vatican.
1178 502 1286 539 Borgh.
1314 501 1351 531 53
1373 503 1399 531 A
1421 505 1444 532 Ι.
1468 519 1506 523 -

236 542 259 570 l.
290 545 396 571 Noct.
418 542 444 571 A
466 542 497 575 3,
531 542 543 570 l
565 544 650 570 Tunc
677 546 710 570 ut
737 543 824 570 vidit.
844 558 884 563 ——-
905 543 972 570 Alle
994 540 1053 570 RR
1076 542 1231 577 prosaisch
1255 543 1310 569 mit
1332 543 1506 572 Ausnahme

236 582 356 610 letzoen.
379 596 415 600 —-
437 583 479 609 In
501 582 615 609 Laud.
635 582 682 609 die
703 583 777 609 zwei
799 585 898 609 ersten
919 581 974 610 ΑΔ
996 580 1160 617 prosaisch.

602 715 648 746 75.
691 715 733 746 De
759 722 781 745 s.
804 713 873 746 Siro
899 713 1068 746 Ticiueusi.

301 808 346 840 In
377 808 407 839 1.
436 807 660 846 vesperis.

379 883 580 919 Antiphonae.

199 1000 206 1007 .
235 974 436 1006 salvatorem
465 971 567 1013 Syrus
594 980 731 1011 sequens

235 1021 473 1055 praedilectum
486 1020 662 1060 Christum,
674 1018 835 1059 praebens

287 1070 475 1101 Sacrantem
487 1072 623 1100 matrem
634 1068 802 1109 virginem,

239 1118 385 1151 Gradum
412 1121 499 1148 tenet
527 1117 754 1158 principalem,

235 1167 347 1198 Virum
377 1165 496 1197 docens
523 1165 729 1205 singularem,

285 1215 367 1247 Nam
385 1223 494 1245 verum
510 1214 613 1246 Deum
629 1213 802 1246 hominem.

202 1324 208 1331 .
236 1298 365 1330 Atritus
390 1296 610 1328 Ticinensium

236 1346 315 1379 Cum
343 1345 440 1378 laude
467 1345 723 1384 praesidentium

286 1395 348 1427 Per
375 1393 490 1432 Syrum
518 1392 555 1424 fit
582 1393 771 1434 catholicus,

235 1444 297 1475 Hic
325 1443 461 1474 salutem
488 1441 630 1480 sitiebat,

234 1493 286 1524 Ad
314 1499 394 1532 quos
422 1491 518 1521 istum
547 1490 707 1530 dirigebat

283 1540 426 1572 Auditor
451 1539 659 1578 apostolicus.

198 1647 205 1654 .
233 1621 381 1661 Erigitur
407 1621 544 1652 ecclesia

234 1670 279 1702 Et
307 1670 402 1701 datur
429 1668 561 1701 Christo
588 1669 702 1711 gloria,

285 1718 362 1750 Cum
391 1718 508 1749 transit
534 1718 759 1761 sacrilegium,

235 1767 464 1799 Collaudemus
492 1767 673 1808 veritatem,

234 1816 345 1848 Sancti
373 1814 447 1855 Syri
473 1815 681 1857 probitatem,

285 1865 355 1904 Qua
382 1864 523 1903 pelletur
549 1864 764 1897 daemonium.

198 1967 206 1975 .
235 1942 314 1975 Cum
341 1942 420 1974 viris
447 1942 636 1981 apostolicis

235 1991 386 2023 Nutritus
413 1990 445 2021 in
473 1991 636 2022 canonicis

283 2039 451 2072 Attentius
478 2039 693 2079 praedicabat

233 2089 402 2121 Ecclesiae
426 2088 581 2128 mysteria

234 2137 448 2177 Tollebatque
474 2135 605 2177 fastigia

283 2187 462 2222 ldolorum.
491 2195 573 2226 quae
599 2186 785 2222 damnabat.

199 2292 206 2299 .
234 2264 433 2298 Confirmant
462 2263 545 2295 hunc
572 2264 740 2305 miracula,

235 2314 314 2347 Cum
341 2313 518 2346 suscitatur
544 2313 692 2354 plantula

283 2363 404 2396 Orante
431 2366 534 2393 matre
561 2361 685 2402 humili,

236 2413 431 2446 Panduntur
457 2410 653 2453 probabilia,

234 2462 415 2495 Adduntur
441 2459 614 2500 mirabilia,

282 2511 452 2552 Expressa
476 2509 597 2542 mundo
624 2507 744 2550 fragili.

1056 804 1103 832 Ad
1123 803 1307 840 Magnificat.

861 874 902 907 A.
932 874 1067 906 Praesul
1093 872 1335 915 benignissime,

933 922 983 954 Tu
1008 921 1087 954 fidei
1114 922 1295 955 catholicae

983 970 1107 1002 Doctus
1133 979 1167 1002 es
1193 970 1226 1002 iu
1253 969 1405 1011 infantia,

1033 1019 1099 1052 Ora
1124 1028 1184 1058 pro
1211 1020 1343 1060 populo,

937 1068 1065 1100 Morum
1094 1067 1201 1098 lumen
1228 1068 1398 1108 optimum,

938 1116 1099 1149 Ducatum
1128 1115 1236 1147 ferens
1263 1117 1428 1151 hominum

983 1165 1109 1198 Fundis
1136 1165 1168 1196 in
1198 1166 1298 1205 Papia

1034 1213 1164 1245 Firmus
1191 1214 1224 1244 iu
1251 1214 1434 1258 commisso,

934 1262 984 1294 Tu
1011 1266 1119 1294 rector
1145 1262 1337 1303 animarum,

936 1311 985 1342 Tu
1013 1311 1198 1342 destructor
1224 1316 1254 1342 et
1282 1311 1461 1353 culparum,

987 1359 1072 1400 Vigil
1100 1359 1132 1390 in
1160 1360 1308 1391 custodia

1034 1407 1162 1447 Gregis,
1190 1417 1283 1447 quem
1312 1407 1439 1452 fecisti,

936 1457 1122 1495 Fre-camur,
1152 1456 1307 1488 miserere

935 1504 1008 1542 His,
1036 1513 1116 1545 quos
1143 1504 1234 1536 vides
1256 1509 1408 1545 oportere

986 1553 1119 1584 Visitari
1145 1553 1253 1593 gratia

1034 1601 1264 1641 Redemptoris
1292 1602 1423 1637 Christi.

999 1748 1064 1780 Ad
1091 1748 1366 1781 Matutinum.

1070 1821 1291 1853 Invitatorium.

934 1913 1119 1945 Adoremus
1146 1915 1398 1957 redemptorem,

984 1963 1101 2003 Iesum,
1130 1962 1191 1994 Dei
1218 1963 1331 2005 filium,

935 2010 996 2050 Qui
1017 2021 1101 2043 nune
1120 2011 1236 2051 Syrum
1257 2017 1505 2054 praeceptorem

983 2059 1077 2092 Fecit
1104 2060 1334 2096 Ticinensium.

993 2206 1039 2238 In
1068 2206 1098 2240 1.
1129 2206 1367 2243 Nocturu0.

1081 2283 1283 2320 Antiphonae.

902 2385 910 2393 .
938 2362 1081 2396 Turbam
1110 2365 1213 2396 cernit
1240 2365 1272 2397 in
1302 2367 1433 2400 deserto

987 2411 1185 2445 Famclicam
1213 2418 1244 2446 et
1273 2416 1409 2448 multam

936 2461 1038 2494 Vivus
1066 2462 1169 2505 panis,
1198 2464 1251 2503 qui
1280 2465 1320 2497 de
1347 2466 1438 2499 caelo

984 2511 1156 2543 Annonam
1186 2511 1242 2544 dat
1271 2519 1453 2556 augustam.
