1650 2727
494 618 761 665 Cantiones
792 618 1076 664 Natalitiae.

536 813 591 845 110.
636 812 677 845 De
698 811 877 845 Nativitate
902 813 1035 845 Domini.

126 889 157 922 1.
186 888 371 920 Sonitemus
398 886 521 919 voculis

186 937 380 969 Neumatum
410 936 442 968 in
470 936 621 976 tropulis,

234 986 300 1018 Res
325 986 532 1018 amoenitatis

185 1033 377 1067 Madefaeto
402 1035 526 1066 vellere

186 1083 321 1116 Stellam
349 1084 457 1125 signat
483 1092 601 1124 parere

240 1132 348 1165 Solem
376 1133 546 1165 claritatis

128 1203 160 1236 2.
189 1202 246 1234 Vis
273 1201 420 1233 hebescit
447 1200 613 1242 physicae,

189 1251 306 1283 Partus
334 1250 386 1282 hic
412 1250 550 1282 mirifice

237 1300 395 1333 Flaminis
422 1297 547 1332 adflatu

187 1348 264 1381 Sine
292 1349 353 1381 viri
380 1350 502 1381 semine

189 1398 273 1431 Pura
298 1397 334 1430 fit
363 1398 403 1430 de
430 1398 557 1438 virgine

237 1447 335 1480 Salvo
361 1447 536 1481 caelibatu.

128 1517 161 1551 3.
187 1516 363 1550 Tacitums
388 1516 494 1557 logice

187 1566 315 1598 Mirans
341 1565 444 1607 prolis
472 1565 585 1598 deicae

236 1616 406 1648 Partulum
434 1615 608 1654 sincerum,

187 1665 313 1698 Cuncta
338 1664 391 1706 qui
420 1664 594 1708 disposuit,

187 1713 241 1746 Sic
268 1717 385 1754 potens
412 1714 460 1746 sic
487 1714 599 1754 voluit,

234 1762 290 1796 Sic
317 1763 399 1796 dans
425 1772 497 1796 esse
523 1772 647 1797 verum.

123 1833 156 1866 4.
185 1832 323 1865 Assueri
349 1833 499 1874 coniugio

186 1881 299 1915 Genus
325 1891 346 1915 a
370 1882 545 1923 supplicio,

236 1931 392 1971 Hesffler,
419 1931 582 1975 exemisti,

184 1980 270 2014 Dum
298 1991 358 2024 pro
385 1981 499 2015 Vasthi
527 1981 653 2014 tumida

185 2030 284 2064 Veste
310 2031 397 2073 regis
426 2029 554 2073 fulgida

232 2081 360 2124 Sponso
386 2080 553 2123 placuisti.

833 888 865 920 5.

893 886 1048 928 Benignis
1075 886 1262 927 precatibus

895 936 1029 968 Veniam
1060 935 1214 976 reatibus,

944 985 1055 1025 Virgo.
1085 985 1276 1024 deprecare.

894 1035 999 1066 Audit
1025 1043 1165 1075 namque
1191 1033 1341 1074 protinus

897 1200 995 1241 Regis
1023 1209 1083 1233 nec
1110 1200 1310 1241 praesentia,

898 1250 997 1290 Virgo
1024 1254 1139 1291 mater,
1167 1250 1245 1289 filia,

946 1299 1054 1332 Horre
1081 1305 1283 1339 peccatoreS‚

897 1348 974 1380 Sine
1001 1349 1118 1390 quibus
1142 1347 1209 1380 filio

895 1397 1002 1430 Tanto
1029 1398 1205 1438 puerperio

946 1446 1119 1487 Nunquam
1149 1447 1247 1488 digna
1274 1445 1374 1480 fores.

861 1543 868 1550 .
896 1517 926 1548 A
954 1516 1088 1548 decreto
1115 1516 1209 1549 deico

897 1565 1038 1598 Car-cere
1067 1565 1107 1598 de
1134 1565 1294 1606 Lymbico

943 1616 977 1649 Si
1005 1625 1068 1647 non
1096 1614 1281 1647 redimendi

895 1664 940 1698 Hi
967 1663 1105 1697 fuissent
1132 1665 1250 1708 pretio,

895 1714 997 1748 Nulla
1023 1714 1083 1746 tibi
1111 1715 1194 1746 ratio

944 1763 1066 1796 Natum
1093 1763 1256 1804 pariendi.

860 1858 868 1866 .
897 1833 1079 1866 Benedicta
1107 1832 1185 1871 filio,

895 1882 984 1916 Rosa
1009 1884 1121 1914 iuncta
1145 1882 1216 1914 liiio

943 1933 1013 1965 Iam
1040 1941 1086 1969 es,
1113 1941 1132 1963 0
1159 1941 1290 1969 aurora,

896 1980 1010 2014 Coram
1040 1981 1152 2013 mundi
1180 1981 1331 2022 principe

896 2030 980 2063 Vota
1007 2034 1120 2063 nostra
1144 2031 1285 2072 suscipe,

944 2080 1094 2113 Gratiam
1122 2080 1273 2122 implora.

515 2151 548 2183 9.
576 2149 631 2182 Ad
659 2148 775 2181 matris
802 2147 998 2191 benigniter,

573 2199 647 2232 Rex
674 2207 693 2230 o
720 2206 856 2235 summe,
883 2198 1003 2238 iugiter

625 2246 711 2279 Vide
737 2247 973 2291 supplicamen,

575 2296 676 2330 Salva
701 2296 818 2328 matris
843 2297 1002 2339 servulos‚

577 2346 693 2379 Cleros
720 2348 819 2386 atque
844 2345 984 2387 populos

623 2394 798 2435 Tergendo
823 2402 1011 2435 peccamen.

689 2552 744 2576 111.

191 2463 279 2492 Cant.
311 2472 366 2492 ms·
393 2463 547 2501 Pragense
574 2461 760 2498 (Wenceslai
791 2461 829 2490 de
856 2462 1040 2499 Wyskytna)
1071 2465 1143 2491 anni
1181 2460 1262 2491 1512.
1292 2462 1365 2491 Cod.
1393 2463 1470 2492 Mus.

110 2503 236 2533 Bohem.
257 2503 336 2532 xm
356 2503 382 2532 A
403 2501 431 2531 2.
452 2517 490 2522 —
511 2501 538 2537 2,
561 2501 579 2530 6
601 2502 736 2532 Salvato.
757 2515 797 2521 —
817 2499 844 2537 3,
867 2500 885 2530 6
907 2503 940 2530 Si
961 2503 1016 2531 das
1038 2511 1114 2531 esse.
1136 2517 1174 2522 -
1196 2501 1222 2536 6,
1245 2501 1264 2530 3
1285 2503 1354 2531 Non
1376 2503 1472 2532 horre.

168 2555 213 2579 Dr
219 2561 233 2578 e
240 2562 257 2578 v
265 2561 280 2578 e
286 2562 300 2578 s
307 2574 314 2584 ,
331 2554 485 2578 Gantiones
501 2555 530 2578 et
545 2553 656 2578 Mutati.

1278 2550 1295 2579 7
