1650 2727
677 172 911 206 -49-

161 258 192 289 2.
223 257 320 291 Plebs
346 260 539 294 Tolonensis
567 262 697 296 humilis

218 306 312 338 Nunc
337 315 421 346 puro
447 310 548 342 corde
572 314 605 342 et
622 313 764 352 supplici

215 354 262 386 Te
289 358 444 393 precatur
469 361 502 390 et
528 358 690 401 obsecrat,

216 402 259 436 Ut
285 405 318 433 te
345 407 518 442 patronum
543 406 662 439 habeat

213 451 256 483 Et
284 451 346 482 vim
373 454 539 492 precantis
566 456 696 491 sentiat.

155 551 186 582 3.
216 550 365 583 Clemens
392 555 498 592 pater,
527 552 602 585 filiis

215 599 262 632 Da
289 599 427 632 salutem
454 601 582 634 miseris

211 648 255 680 Et,
281 648 392 680 obtine
418 650 571 683 virtutem

214 697 400 730 Resistendi
427 699 525 732 vitiis.

322 825 536 862 Responsoria.

151 895 182 928 1.
211 894 278 927 Sub
304 903 421 936 magno
452 900 546 936 patre
573 897 692 930 militat

211 944 364 976 Caesario
391 945 442 976 vir
468 946 610 986 optimus

210 993 254 1025 Et
280 993 389 1025 animo
414 995 638 1027 sanctissimus

210 1042 290 1074 Eius
317 1044 484 1082 sequendo
512 1044 656 1077 semitas.

147 1091 183 1123 V.
213 1091 310 1123 Tanti
339 1092 443 1130 patris

262 1141 377 1172 doctus
405 1141 567 1182 colloquio

210 1188 302 1221 Sacri
330 1189 421 1221 verbi

260 1237 361 1279 fulget
390 1239 518 1279 eloquio

209 1287 387 1327 Tamquam
416 1289 524 1321 lumen

257 1346 322 1369 non
348 1340 470 1369 tectum
499 1337 618 1371 modio.

148 1435 168 1466 DQ

173 1459 181 1466 .
209 1434 326 1467 Semen
354 1435 457 1478 verbi,
484 1437 570 1477 quod
599 1437 744 1481 messuit,

213 1484 288 1516 Post
314 1486 438 1524 sparsit
464 1485 685 1518 abundantius

205 1533 249 1565 ht
276 1534 437 1573 mercede,
466 1544 562 1575 quam
591 1535 718 1577 meruit,

207 1583 276 1615 Iam
304 1581 426 1615 fruitur
454 1583 592 1617 felicius.

140 1631 181 1665 V.
208 1632 287 1664 Post
314 1631 445 1664 labores
472 1634 615 1674 requiem

258 1680 412 1713 Possidet
438 1682 469 1713 in
501 1682 611 1721 caeliS,

207 1730 268 1762 Dei
297 1738 433 1762 cerneus
460 1729 579 1763 faciem

254 1780 374 1813 Servus
402 1784 467 1812 tam
496 1780 614 1813 fidelis.

865 267 897 299 3.
926 266 1010 298 Dum
1037 267 1200 298 caelorum

970 313 1130 346 scandisti
1157 315 1299 347 eulmina

922 361 1000 392 Post
1027 361 1157 393 devicta

969 410 1082 441 mundi
1110 410 1299 448 certamina,

919 456 1021 489 Laeta
1049 462 1185 489 currunt

967 510 1152 538 sanctorum
1180 507 1324 547 agmina,

916 554 1133 586 Modulantur

966 604 1074 636 dulcia
1101 605 1258 639 carmina.

842 648 884 685 V.
913 652 940 686 Ο
968 658 1100 685 senator

963 703 1113 735 caelestis
1143 703 1262 745 curiae,

914 751 1043 784 Memor
1069 758 1139 784 esto

966 805 1042 833 tunc
1073 800 1228 833 familiae.

1009 889 1053 916 Ad
1078 889 1267 917 Benedictus.

841 944 888 982 Α.
918 948 1040 980 Mentis
1068 949 1187 990 fulgor,

966 998 1073 1029 carnis
1100 998 1266 1039 nobilitas,

915 1046 1024 1078 Decus
1052 1055 1176 1078 morum

967 1098 999 1125 et
1025 1094 1221 1135 ingenuitas,

918 1143 989 1174 Lux
1018 1143 1199 1177 doctrinae.

965 1194 1106 1232 pastoris
1133 1193 1280 1231 aequitas

916 1240 1043 1273 Ornant
1069 1242 1189 1273 iustum

964 1295 994 1321 et
1024 1291 1105 1322 mira
1132 1290 1263 1321 caritas.

1014 1377 1059 1404 Ad
1081 1376 1266 1412 Magnificat.

844 1433 885 1470 Α.
914 1437 1029 1470 Ortum
1057 1438 1156 1469 solem

966 1486 1096 1518 divinae
1123 1486 1258 1527 gratiae,

915 1536 1034 1567 Munus
1063 1535 1174 1567 darum

962 1585 1037 1616 urbi
1065 1584 1253 1623 Tolonicae‚

915 1633 1115 1674 Cyprianum

963 1683 1077 1715 laudat
1103 1682 1197 1724 plebs
1225 1682 1357 1714 humilis

913 1732 957 1764 Et
983 1732 1087 1764 Deum
1116 1742 1149 1764 o-

963 1786 1015 1813 rat
1041 1786 1149 1814 mente
1176 1782 1331 1821 supplici.

183 1867 268 1894 Acta.
293 1865 346 1894 SS.
368 1866 473 1895 Octob.
498 1868 543 1901 11,
574 1865 629 1895 166
657 1877 721 1905 sqq.
763 1868 826 1896 Aus
857 1868 923 1896 dem
946 1868 1085 1897 Officium
1108 1869 1143 1896 de
1167 1877 1190 1895 s.
1212 1868 1364 1904 Cypriauo
1391 1870 1463 1896 anni

105 1903 188 1934 1618.

240 1907 302 1934 Ans
330 1906 431 1942 jenem
457 1907 552 1935 Jahre
582 1910 705 1935 stammt
734 1908 811 1936 nach
843 1908 900 1936 den
930 1909 1005 1935 Acta
1034 1908 1087 1936 SS.
1121 1918 1146 1936 a.

1181 1916 1207 1934 a.
1239 1912 1274 1934 ⁴).
1306 1908 1355 1936 die
1386 1909 1460 1935 Ver-

105 1946 269 1983 bessernng
291 1945 343 1973 des
365 1946 447 1974 alten
469 1948 500 1974 in
515 1947 569 1975 der
583 1946 694 1975 Kirche
711 1957 771 1975 von
786 1947 905 1976 Toulon
920 1948 1175 1984 gebriiuclilichen
1192 1948 1346 1975 Ost-iciunis
1365 1948 1458 1975 ‹lun-1·

103 1985 254 2013 Antonius
282 1985 322 2014 du
345 1986 448 2014 Blanc.
492 1988 549 2015 Die
571 1987 786 2025 Anderungen,
816 1987 928 2015 welche
961 1987 1100 2016 letzterer
1121 1987 1285 2019 vornahm,
1315 1988 1461 2015 seboim—n

103 2024 167 2052 sich
189 2034 244 2053 vor
265 2025 355 2054 allem
377 2026 431 2053 auf
447 2026 497 2054 die
513 2027 683 2055 Lektionen
698 2037 735 2055 zu
751 2027 911 2061 beziehen3
934 2027 972 2054 ob
988 2028 1060 2055 aber
1076 2027 1341 2055 ausschliesslich?
1377 2028 1460 2054 Allvs

102 2065 142 2091 im
171 2065 401 2093 Vorstehenden
434 2066 584 2094 Fehlende
612 2067 651 2093 ist
677 2068 707 2094 in
738 2066 791 2094 der
815 2076 947 2095 neueren
977 2066 1141 2095 Redaction
1171 2066 1206 2094 de
1229 2069 1388 2093 communi.
1424 2081 1458 2084 —

102 2104 289 2142 Zugehiirige
312 2105 469 2141 Hymnen:
503 2107 647 2134 Numen
675 2108 843 2143 supremi
871 2107 1042 2134 numinis
1068 2107 1117 2138 (ad
1140 2106 1247 2142 vesp),
1280 2110 1304 2133 ί)
1336 2107 1461 2132 nostri

103 2144 243 2172 vindex
268 2145 448 2172 criminis
469 2146 518 2178 (ad
541 2145 640 2179 laud.).

471 2282 522 2313 20.
566 2281 609 2313 De
631 2282 741 2313 saneto
766 2280 915 2321 Dionysio
939 2284 972 2312 et
994 2281 1098 2312 sociis.

239 2375 286 2408 In
326 2375 356 2408 1.
394 2374 616 2416 VesperiS.

228 2458 232 2459 ⁷
323 2427 529 2465 Antiphonae.

138 2474 169 2509 1.
197 2473 326 2515 Gaude,
354 2472 435 2508 felix
464 2474 621 2513 Parisius,

198 2523 302 2564 Quam
329 2527 463 2556 sanctus
491 2522 670 2562 Dionysius

154 2583 300 2612 Dreves,
319 2582 466 2606 Historiae
483 2581 679 2612 Rhythmicae.
714 2581 791 2605 VIII.

910 2373 1089 2407 Decoravit
1115 2374 1294 2414 martyri03

911 2422 1039 2456 Graeca
1065 2424 1188 2456 laetare
1216 2423 1317 2463 regio,

909 2473 1000 2513 Quae
1026 2477 1092 2505 tam
1121 2472 1245 2505 ciarum
1273 2471 1414 2512 genuisti

912 2521 1032 2554 Filium
1059 2526 1090 2554 et
1117 2521 1272 2555 eduxisti.

1268 2577 1286 2605 4
