1650 2727
687 163 728 168 -
785 118 948 181 158⁷—

159 238 192 272 5.
220 235 322 273 Uxori
349 244 381 273 et
406 239 520 274 liberis

270 298 323 321 res
349 294 421 322 tuas
446 290 582 330 liquisti,

219 337 284 370 Pro
311 339 372 378 his,
400 339 508 377 miser,
537 340 677 372 animam

267 390 353 420 tuam
381 389 530 428 posuisti,

219 437 312 470 Uxor
338 437 427 470 ducit
453 438 562 477 alium,

268 495 361 526 quem
388 489 422 517 tu
452 496 515 518 non
543 487 671 525 novisti,

219 534 280 566 Tui
307 535 522 576 obliviscitur,

267 594 360 624 quam
389 584 436 615 sic
463 584 641 618 dilexisti..

863 244 896 276 6.
923 239 980 276 Sic
1006 243 1093 284 perit
1118 243 1275 276 memoria
1328 234 1330 238 ’

971 295 1099 324 tuorum
1126 290 1267 324 filiorum

923 341 1009 381 Ipsis
1035 340 1286 373 succedentibus

970 390 1003 421 in
1029 390 1198 430 prosperis
1224 389 1398 428 bonorum,

921 438 1073 472 Gaudent
1099 447 1171 471 cum
1198 436 1426 479 gaudentibus,

969 491 1003 519 ut
1030 496 1100 519 mos
1126 491 1175 520 est
1202 496 1323 525 eorum,

920 536 956 568 In
990 536 1037 568 tui
1062 537 1217 569 memoria

969 594 1040 617 cum
1067 585 1173 618 sonitu
1198 586 1385 617 verborum.

222 700 295 728 Piae
318 701 478 729 Cantiones
504 699 578 728 1582
600 701 649 728 sol.
666 701 680 728 I
702 700 719 728 7
742 710 768 728 a.
783 701 966 738 (Klemming
981 702 1032 733 IV,
1055 701 1094 734 5.)
1115 716 1150 719 —
1173 702 1245 729 Dies
1263 700 1337 728 Lied
1360 701 1494 728 erinnert

144 748 183 766 an
210 749 242 766 so
271 740 393 767 manche
423 740 578 769 iihnliclie,
607 740 671 767 dass
700 749 769 768 man
797 740 938 768 versucht
963 741 1018 773 ist,
1051 750 1082 767 es
1104 741 1151 768 fiir
1174 741 1223 767 ein
1246 739 1433 768 Bruchstt‘iek
1455 748 1492 767 zu

144 778 255 806 halten.
289 779 331 806 Es
354 779 465 805 kommt
488 779 587 811 liinzu,
609 779 674 806 dass
696 779 744 807 die
760 778 1084 815 Anfangsbuchstaben
1099 779 1150 806 der
1165 778 1183 807 3
1201 779 1311 807 letztsn
1327 778 1493 815 Strophen:

144 817 179 851 A,
195 818 231 851 U,
251 818 269 845 S
293 819 346 845 auf
364 819 410 844 ein
433 819 669 845 vei-stiimnieltes
691 818 751 846 und
772 817 970 847 verdorbenes
994 818 1196 845 Akrostichon
1219 819 1391 846 hindeuten.

591 1029 646 1060 191.
691 1031 733 1061 Do
756 1029 909 1061 vanitate
932 1029 1045 1061 Mundi.

161 1151 191 1183 1.
219 1150 395 1182 Mundanis
422 1150 619 1182 vanitatibus

220 1200 384 1231 Astrictus
411 1199 643 1241 potentatibus,

219 1247 302 1279 Nam
331 1248 460 1287 sapiens
488 1248 534 1279 sic.
561 1248 703 1282 instruit.

219 1296 349 1328 Servire
377 1297 478 1336 magis
506 1297 655 1337 congruit

221 1346 310 1377 Veris
339 1345 551 1377 felicitatibus

219 1394 366 1426 Abiectis
394 1394 602 1427 falsitatibus.

218 1442 333 1474 Elatus
361 1441 570 1475 facultatibus

219 1491 353 1523 Resistit
382 1500 452 1522 cum
482 1491 696 1532 dogmatibus,

219 1539 299 1572 Sunt
326 1541 389 1572 ista
416 1541 603 1572 transitoria

219 1588 409 1630 spernenda
434 1589 520 1620 velut
553 1590 659 1620 scoria

220 1638 358 1679 Propter
385 1638 466 1668 caeli
493 1639 660 1678 palatium,

219 1687 338 1718 Verum
366 1686 644 1726 gazophylacium.

159 1804 192 1836 2.
220 1801 331 1835 Vorax
355 1800 501 1835 infernus
528 1803 663 1843 surripit

220 1851 293 1884 Suis
319 1861 377 1884 nos
403 1851 617 1890 suasionibus,

220 1901 481 1933 Consentientem
509 1901 645 1941 corripit

218 1951 373 1983 Aeternis
400 1949 609 1987 torsionibus,

218 1999 362 2032 Mundus
389 1998 515 2030 extollit
542 1998 659 2030 leviter

220 2048 308 2089 Illos,
335 2056 415 2089 quos
443 2046 527 2078 fallit
553 2047 707 2087 breviter,

220 2097 359 2129 Mortem
387 2105 510 2137 ponens
536 2097 568 2127 in
596 2095 720 2128 foribus

219 2146 342 2179 Multos
369 2145 478 2185 pulsat
505 2145 687 2185 timoribus,

221 2195 368 2228 carnalis
395 2198 487 2234 urget
515 2194 640 2226 macula

222 2245 383 2277 Perurens
409 2243 499 2284 quasi
528 2243 645 2285 facula,

221 2293 319 2326 Multi
345 2302 404 2334 pro
431 2296 521 2324 tanto
548 2292 627 2324 vitio

221 2342 402 2375 Torrentur
426 2341 459 2373 in
486 2341 658 2382 supplicio.

861 1151 893 1183 3.
922 1150 1110 1182 Traduntur
1136 1151 1169 1183 in
1195 1151 1340 1183 historiis

922 1199 991 1230 Viri
1019 1199 1107 1239 digni
1135 1201 1309 1232 memoriis.

921 1247 1105 1279 Virtutibus
1132 1249 1259 1281 eximiis

922 1296 1097 1329 Fulserunt
1125 1303 1155 1329 et
1183 1298 1327 1330 scientiis

920 1346 1063 1386 Cunctis,
1093 1346 1171 1378 loris
1197 1353 1228 1379 et
1257 1345 1372 1378 viculis

921 1394 1082 1426 Ponentes
1109 1404 1154 1430 se,
1183 1394 1351 1435 periculis,

919 1442 1121 1482 Spreverunt
1147 1444 1200 1475 hic
1226 1443 1406 1485 terrestria,

918 1492 1072 1531 Amplexi
1099 1498 1172 1524 sunt
1201 1492 1367 1531 caelestia,

919 1541 1086 1572 Praeclari
1113 1542 1191 1573 solis
1219 1542 1312 1574 radio

920 1588 1098 1621 Certabant
1124 1591 1157 1622 in
1185 1591 1245 1623 hoc
1271 1589 1390 1628 stadio,

920 1638 1027 1670 Patris
1054 1639 1208 1671 Abrahae
1235 1639 1358 1680 gremio

919 1686 1113 1727 Funguntur
1140 1689 1225 1720 vitae
1252 1687 1409 1730 praemio.

885 1830 891 1836 .
919 1804 1071 1845 Quorum,
1099 1805 1275 1849 scholares,
1305 1805 1416 1838 studio

922 1853 1065 1894 Benigne
1093 1863 1148 1886 vos
1175 1855 1299 1894 erudio,

921 1901 1011 1933 Haec
1038 1902 1129 1934 vobis
1156 1904 1197 1935 sit
1227 1903 1405 1943 conclusio,

920 1951 1012 1983 Vana
1041 1951 1125 1983 desit
1152 1951 1310 1995 confusio,

922 2001 958 2032 In
985 2005 1124 2032 mentem
1151 2011 1225 2033 nam
1252 2001 1461 2042 malevolam,

921 2047 1107 2081 Deformem
1134 2051 1203 2082 sive
1230 2050 1383 2084 frivolam

920 2097 991 2129 Non
1020 2098 1120 2131 intrat
1146 2100 1308 2140 sapientia

920 2147 1085 2179 Virtutum
1113 2157 1170 2180 seu
1198 2148 1368 2191 decentia,

921 2195 1075 2228 Clamans
1101 2196 1207 2238 inquit.
1232 2198 1362 2238 sagacia

923 2244 986 2276 Per
1011 2245 1122 2277 mundi
1150 2251 1268 2279 cuncta
1292 2247 1420 2287 spatia:

923 2293 1029 2325 Vitam
1055 2294 1171 2327 bonam
1199 2296 1379 2337 comperiet

921 2341 1038 2384 Homo,
1065 2343 1120 2384 qui
1146 2353 1197 2376 me
1224 2345 1378 2386 reperiet.

225 2459 298 2487 Piae
327 2459 489 2486 Cantiones
522 2455 595 2485 1582
624 2457 673 2485 fol.
701 2457 729 2485 K
753 2455 773 2484 4
801 2466 819 2485 a
844 2465 908 2494 sqq.
935 2456 1119 2496 (Klemming
1146 2460 1205 2496 lv,
1236 2459 1296 2496 35.)
1323 2477 1362 2481 —
1389 2459 1424 2497 3,
1461 2462 1498 2492 12

146 2499 232 2528 Lies:
254 2499 424 2527 Fruuntur?
