1650 2727
695 108 963 145 —211—

369 205 582 245 Responsoria.

169 317 202 350 1.
230 315 357 350 vinctis
382 318 458 357 post
481 318 574 356 terga
599 314 750 348 manibus

276 365 376 406 Nudi,
403 363 603 403 discalceati,

226 413 396 456 Flagellis,
423 413 552 455 pugnis,
580 411 722 445 fustibus

279 463 342 496 Per
363 466 464 495 totum
491 460 668 500 verberati,

228 511 326 552 Regis
353 511 417 544 diri
443 510 672 553 conspectibus

276 560 357 594 Sunt
382 559 487 592 sancti
512 559 736 603 praesentati;

151 609 190 640 V.
222 609 333 642 Laetis
360 611 545 641 constantes
572 607 717 640 vultibus

221 657 434 699 Respondent
461 657 559 690 variis
586 656 722 690 vocibus

275 708 304 738 A
330 705 401 739 Deo
428 705 613 740 confortati.

162 826 194 858 2.
219 824 414 858 Praemissis
441 824 537 856 minis
566 825 670 858 voluit

270 873 340 906 Rex
365 873 638 907 Almiramolinus

220 922 398 957 Pervetere
423 931 484 955 nec
509 923 629 963 potuit,

270 971 324 1004 Sic
350 981 442 1004 amor
468 982 542 1004 nam
571 971 701 1004 divinus

218 1020 289 1053 Hos
314 1020 453 1053 firmiter
479 1021 616 1053 retinuit

270 1069 422 1102 sinceros
448 1069 536 1102 intra
562 1070 670 1109 sinus;

148 1119 186 1151 V.
220 1119 301 1151 Tres
328 1118 455 1160 gladios
479 1119 607 1151 exacuit

219 1169 256 1201 In
286 1168 346 1208 his,
375 1172 527 1208 sertaque
554 1167 670 1199 tribuit

268 1217 358 1249 Deus
384 1226 467 1249 nnus
493 1221 525 1249 et
548 1216 663 1250 trinus,

158 1335 193 1367 3.
220 1335 391 1376 Reliquiae
417 1334 626 1376 praenobiles

267 1384 434 1416 Vilissime
461 1388 655 1423 tractantur,

217 1434 304 1474 Quas
330 1433 397 1474 igni
426 1433 506 1465 dant
531 1432 700 1475 ignobileS‚

265 1481 329 1514 Sed
358 1491 377 1514 a
404 1482 534 1515 Christo
560 1484 744 1524 servantur,

216 1531 406 1564 Tristantur
430 1530 653 1573 incredibiles,

262 1580 441 1614 Christiani
468 1580 653 1622 laetantur;

138 1629 177 1662 V.
209 1630 298 1663 Deus
325 1633 499 1662 conservat
527 1629 675 1672 humiles,

212 1680 278 1712 Per
302 1679 433 1720 lapides
460 1678 626 1710 terribiles

265 1728 431 1760 Proiectos
457 1737 499 1760 ne
524 1727 709 1762 laedantur.

301 1936 347 1968 In
374 1935 608 1968 Laudibus.

352 2033 554 2070 Antiphonae.

145 2153 177 2189 1.
204 2153 352 2195 Quinque
379 2152 517 2187 fratrum
545 2152 706 2196 martyria

253 2203 386 2237 Firmae
413 2203 620 2236 credulitatis

205 2253 286 2286 Sunt
313 2252 407 2286 firma
433 2253 619 2286 testimonia

252 2302 376 2335 Eorum
402 2303 600 2336 sanctitatis,

143 2422 176 2456 2.
205 2421 402 2455 Constanter
426 2422 460 2455 in
485 2421 614 2455 laetitia

254 2470 298 2503 Hi
323 2471 457 2505 Christo
483 2469 694 2514 famulantur,

933 207 983 241 Ob
1007 207 1094 248 quod
1122 208 1190 241 eius
1217 210 1403 249 praesentia

980 256 1125 289 Aeterne
1151 258 1367 298 gratulantur.

871 353 904 388 3.
931 353 1101 386 Francisci
1130 354 1186 386 dat
1212 355 1327 396 religio

982 402 1191 435 Praeclarum
1226 401 1367 435 fructum
1394 413 1498 447 suum,

929 452 998 492 Quo
1022 461 1135 493 prava,
1163 451 1304 491 Christe,
1332 453 1421 484 natio

981 499 1154 541 Cognoscit
1180 510 1295 533 nomen
1323 504 1424 533 tuum.

869 599 902 631 4.
929 597 1124 631 Sacerdotes
1148 603 1179 630 et
1204 598 1281 630 laici

979 646 1109 679 Christo
1136 647 1343 687 benedixere,

928 696 1091 737 Martyrio
1119 697 1294 736 multiplici

977 744 1063 777 Dum
1091 749 1227 778 mortem
1254 745 1426 780 sustulere.

867 844 899 877 5.
928 843 1043 875 Lauda
1071 843 1248 882 Christum,
1277 843 1467 882 Colimbria‚

977 891 1168 925 Gaudenter
1193 892 1291 924 laude
1317 893 1425 933 plena,

926 942 1059 982 Hosque
1086 942 1183 974 laude
1209 941 1359 982 quinaria

974 991 1100 1032 Pangat
1126 991 1219 1031 plebs
1246 992 1409 1032 Agarena.

1047 1137 1093 1164 Ad
1116 1136 1304 1165 Benedictus

849 1226 890 1258 A.
922 1225 1066 1258 Gloriosi
1093 1227 1243 1266 martyrii

972 1275 1120 1309 Pretiosa
1148 1276 1278 1309 devotio

1020 1323 1183 1357 Infantem
1210 1324 1364 1358 liberavit

922 1373 972 1405 De
999 1374 1117 1406 taediis
1145 1374 1251 1406 exsilii

970 1424 1153 1463 Sancteque
1180 1423 1345 1456 desiderio

1019 1473 1197 1504 Antonium
1224 1472 1447 1505 inflammavit.

992 1650 1038 1682 In
1067 1652 1098 1683 2.
1129 1651 1351 1690 Vesperis.

1040 1738 1085 1765 Ad
1107 1737 1291 1774 Magnificat.

841 1838 883 1871 A.
916 1837 1031 1870 Gaude
1058 1837 1156 1878 quino
1184 1837 1353 1877 martyrio,

963 1887 1029 1920 Sed
1051 1887 1169 1927 plange
1196 1886 1464 1928 Machometicos,

1013 1936 1102 1970 Urbs
1129 1936 1352 1979 Marochiana,

914 1986 980 2018 Pro
1005 1990 1097 2018 tanto
1122 1986 1308 2028 patrocinio

964 2035 1102 2069 Plausus
1128 2045 1188 2076 age
1213 2035 1401 2074 melodicos,

1013 2085 1111 2118 Plebs
1138 2084 1371 2118 Colimbriana.

1027 2231 1097 2259 Alia
1118 2231 1304 2269 Antiphona.

838 2320 880 2355 A.
912 2321 938 2355 O
966 2331 1100 2362 regnum
1128 2322 1360 2362 Portugalliae‚

960 2371 1053 2412 Quod
1082 2372 1190 2412 vergis
1217 2372 1258 2403 ad
1287 2379 1448 2411 occasum,

911 2420 959 2453 Te
987 2420 1106 2454 ditavit
1132 2421 1310 2453 altissimus

961 2469 1125 2513 Sanguine
1155 2472 1296 2511 quinque
1323 2467 1482 2509 fratrum;

1246 2525 1304 2554 14*
