1650 2727
390 237 602 274 Responsoria.

214 324 244 356 1.
273 323 415 357 Verbum
441 326 514 365 Dei,

323 371 394 405 fons
420 376 611 418 sapientiae,

273 421 436 462 Splendor
461 424 566 464 patris

322 474 354 502 et
379 472 427 503 sol
454 473 608 510 iustitiae,

269 519 366 559 Rigat
390 525 513 554 montes

319 567 429 607 pluvia
456 571 580 609 gratiae

268 617 310 648 Et
335 616 479 649 illustrat

317 664 388 696 luce
415 667 616 699 constantiae

232 741 238 747 .
269 715 361 746 Hanc
388 713 565 747 Barbarum

316 771 433 801 genere
459 763 599 795 nobilem

266 810 431 850 Tanquam
458 811 582 844 firmam

314 863 343 889 et
368 860 463 891 valde
490 860 650 895 stabilem.

208 956 225 987 ¹2

233 982 239 987 .
268 956 293 988 O
320 956 427 987 anima
455 958 668 995 sanctissima⁷

315 1004 381 1043 Qua
409 1006 649 1046 contemplante
669 1007 808 1038 dulciter

267 1053 391 1091 Corpus
419 1053 583 1094 linquebat
611 1054 721 1087 intima

311 1100 352 1131 Se
379 1100 547 1141 baptizans
575 1102 725 1137 feliciter.

228 1175 234 1181 .
263 1149 354 1180 Tunc
380 1149 535 1190 liquidius
563 1152 707 1184 cernitur

312 1197 424 1229 Virtus
453 1200 593 1237 deitatis,

264 1246 349 1278 Dum
378 1247 523 1280 Barbara
552 1251 733 1282 renascitur

310 1294 448 1327 Nomine
475 1297 640 1331 tn'nitatis.

202 1393 232 1425 3,
261 1393 352 1424 Haec
378 1392 524 1425 Barbara

309 1442 423 1472 crescit
451 1442 624 1474 dulcedine

257 1489 430 1529 Abigendo

306 1538 418 1569 mundi
443 1539 623 1577 saevitiam,

259 1585 323 1618 Sed
350 1589 516 1626 quaeritur

305 1634 362 1666 tali
385 1635 538 1676 indagine

219 1708 225 1714 .
255 1682 322 1715 Nec
350 1685 495 1724 sequitur

305 1733 412 1764 cordis
440 1734 606 1767 duritiam.

300 1899 345 1931 In
373 1899 405 1932 2.
432 1898 667 1933 Nocturno.

375 1985 577 2021 Antiphonae.

219 2108 226 2115 .
254 2083 279 2115 O
307 2091 421 2114 munus
448 2083 508 2116 Dei
535 2085 660 2126 gratiae

301 2134 351 2164 Ac
377 2133 550 2165 maximum
577 2133 777 2175 miraculum,

255 2179 435 2212 Pestiferae
462 2181 617 2214 lasciviae

296 2228 466 2269 Nunquam
475 2231 606 2263 sentivit
613 2232 793 2266 stimulum!

194 2328 213 2359 [Q

219 2353 225 2359 .
255 2327 372 2359 Pastor
398 2327 501 2367 ipsam
528 2328 653 2361 indicat

304 2375 394 2409 Patri
420 2375 605 2420 fugientem,

251 2429 353 2466 Quam
379 2430 468 2458 terra
493 2425 645 2459 mirificat

304 2474 411 2515 Signis
437 2474 646 2509 adfluentem.

824 142 870 178 38
923 163 965 169 —

915 243 947 276 3.
975 241 1123 275 Barbara
1149 241 1361 284 suspenditur

1025 290 1134 323 Versis
1160 299 1287 324 sursum
1315 290 1467 331 pedibus,

976 339 1144 380 caputque
1171 339 1383 372 contunditur

1020 388 1152 420 Malleis
1177 387 1354 421 atrocibus.

1087 504 1299 540 Responsoria.

911 584 941 615 1.
967 581 1090 615 Christi
1116 583 1171 622 pia

1020 634 1126 663 tracta
1153 632 1326 664 dulcedine

971 678 1131 712 Mundum
1157 681 1308 721 linquens

1019 727 1178 767 probatur
1208 728 1339 762 turbine

970 775 1059 808 Haec
1085 777 1243 815 Barbara,

1017 830 1144 857 sacrata
1172 826 1314 861 numine,

967 872 1052 904 Vicit
1078 883 1211 913 prorsus

1016 921 1110 961 pulsa
1134 922 1293 962 libidinez,

900 971 937 1001 V.
967 971 1042 1011 Ipsa
1069 980 1128 1010 pro
1156 972 1252 1012 eulpa

1015 1024 1128 1051 orante
1154 1020 1298 1062 pastoris

965 1069 1085 1100 Versus
1113 1074 1161 1100 est
1188 1070 1221 1101 in

1014 1120 1153 1149 statuam
1182 1119 1364 1153 marmoris,

905 1215 935 1248 2.
964 1214 1014 1246 De
1041 1215 1179 1247 excelsis

1013 1262 1085 1295 fons
1112 1265 1293 1304 sapientiae

964 1312 1017 1344 Sic
1046 1312 1212 1345 Barbarae

1010 1359 1133 1393 infudit
1160 1361 1288 1402 copiam

963 1410 1140 1449 Tamquam
1167 1409 1285 1443 flumen

1009 1458 1117 1490 clarae
1143 1459 1310 1502 scientiae,

959 1507 1047 1546 Quae
1073 1514 1258 1548 susceptam

1008 1553 1129 1587 refudit
1155 1558 1305 1600 gratiam,

958 1604 1041 1636 Dum
1068 1603 1196 1638 fluentis

1005 1662 1149 1686 summae
1174 1654 1314 1695 peritiae

955 1701 1071 1733 Fidem
1100 1702 1283 1736 defensant

1005 1755 1037 1781 et
1063 1750 1149 1783 hanc
1175 1753 1357 1790 ecclesiam,

889 1798 925 1831 V.
953 1800 1049 1832 Mens
1076 1799 1137 1832 fuit
1165 1802 1323 1845 angelica,

1005 1847 1131 1889 Lingua
1159 1849 1336 1892 fructuosa,

956 1897 1031 1928 Vita
1059 1899 1240 1938 apostolica

1003 1945 1158 1987 Morsque
1185 1949 1342 1989 pretiosa.

894 2042 927 2074 3.
953 2043 979 2076 O
1007 2042 1174 2076 Barbarae

1002 2091 1083 2123 mira
1107 2096 1264 2135 potentia,

951 2141 1039 2181 Quae
1065 2141 1097 2172 in
1125 2143 1223 2175 vitam

1000 2194 1103 2221 mutat
1130 2191 1308 2230 interitum,

952 2237 1170 2280 Corporisque

1001 2292 1113 2320 sancta
1141 2291 1327 2330 praesentia

954 2331 1198 2382 [Improvisum]

1002 2383 1139 2424 depellit
1165 2389 1287 2420 exitum

951 2433 1116 2467 Restituta

999 2480 1123 2516 formae
1151 2485 1319 2520 decentia!
