1650 2727
193 240 226 275 3.
251 240 369 284 Ioseph
397 241 500 282 spica,
895 245 929 277 4.
957 241 1139 274 Salomonis

254 291 389 328 Humus,
418 290 460 323 de
485 298 550 330 quo
574 289 702 331 vipera,
956 290 1108 322 Thronus
1134 299 1169 322 es
1195 290 1368 331 eburneus,

253 338 317 371 Per
341 347 438 379 quam
465 337 553 370 sicca
960 339 1101 371 visionis

253 388 352 420 lonae
378 388 466 428 perit
488 386 623 429 hedera,
957 387 1144 421 Electrinus
1170 397 1297 429 urcem,

254 436 381 470 Sanans
407 436 521 477 anguis
548 436 685 469 vulnera
960 436 1068 469 David
1095 437 1181 469 sitim
1208 437 1331 470 satians

250 485 394 526 pertica,
960 486 1091 520 Puteus⁴

250 534 278 567 F
281 533 369 566 unda
395 537 431 566 tu
455 532 620 574 Davitica,
959 534 1008 566 Tu
1035 538 1189 576 septenus
1217 543 1328 567 cereus

255 583 378 616 Parens
404 582 537 616 cedrum
564 582 691 617 mirica.
962 583 1107 616 Radians
1133 584 1277 624 septenis
1306 583 1410 616 donis.

554 663 586 694 5.
615 661 712 694 Iacob
740 662 840 701 scala,

614 710 681 742 Fac
707 719 758 742 me
785 710 908 744 caelum
938 711 1107 752 scandere,

611 759 729 792 Mundi
755 761 852 798 mala,

614 809 763 849 Carnem,
791 809 892 843 Satan
921 808 1044 850 fugere,

614 857 747 891 Tollens
774 859 866 892 Evae
891 859 1030 890 miserae

614 907 790 949 Scandala,

619 956 754 989 Pietatis
781 957 881 989 ubere

615 1004 751 1038 Gratiae
776 1004 851 1039 fove
876 1005 935 1038 sub
964 1005 1027 1039 ala.

257 1080 342 1108 Cant.
372 1090 425 1108 ms.
448 1081 529 1109 Petri
551 1082 588 1111 de
607 1083 735 1111 Medicis
757 1091 834 1111 saec.
859 1080 904 1111 13.
927 1082 999 1109 Cod.
1023 1083 1218 1110 Laurentian.
1240 1081 1286 1109 Pl.
1309 1082 1421 1110 XXIX.
1447 1082 1469 1109 l.
1492 1082 1530 1108 A.

176 1134 214 1188 S—
236 1121 318 1187 Ofat.
342 1129 396 1147 ms,
419 1121 584 1157 Campense
606 1124 676 1149 anni
702 1120 784 1150 1462.
808 1122 881 1151 Cod.
903 1122 1125 1150 Darmstadien.
1147 1120 1213 1150 521.
1238 1122 1270 1148 B.
1294 1136 1329 1140 —
1352 1121 1375 1148 A
1400 1122 1450 1148 hat
1472 1129 1528 1148 nur

188 1162 235 1187 'tn
278 1185 284 1190 ,

639 1257 683 1287 66.
728 1256 768 1287 De
791 1258 893 1289 Beata
914 1256 1016 1288 Maria
1038 1257 1073 1288 V.

189 1349 222 1381 1.
250 1347 342 1380 Cella
369 1347 515 1389 pudoriS,
894 1351 925 1382 3.
953 1348 1041 1382 Fons
1068 1350 1137 1380 sine
1164 1347 1249 1380 limis

297 1397 416 1434 Maria,
445 1402 570 1438 vocata,
1003 1397 1171 1438 Supernae
1201 1397 1339 1441 virtutis,

247 1445 348 1478 Plena
377 1446 520 1478 dulcoris
954 1447 1014 1486 Qui
1042 1447 1128 1487 pluis
1155 1447 1228 1479 imis

295 1495 340 1527 Et
365 1495 534 1537 inviolata,
1007 1496 1125 1528 Pocula
1152 1497 1278 1535 salutis,

249 1543 365 1576 Gloria
391 1545 488 1586 regis,
956 1545 1080 1578 Manna
1106 1545 1235 1577 beatum

249 1593 403 1626 Clausala
429 1593 521 1634 legis,
954 1595 1022 1628 Das
1048 1594 1142 1627 nobis
1169 1598 1309 1637 gratum,

298 1643 360 1674 Per
385 1651 556 1683 prospera,
1002 1643 1155 1685 Mirifice,

297 1692 361 1724 Per
386 1701 514 1734 aspera,
1003 1692 1191 1735 Magnifice,

252 1742 314 1774 Per
339 1740 429 1773 invia
956 1744 981 1776 O
1009 1743 1077 1786 pia,

247 1790 366 1823 Servos
392 1800 478 1832 rege,
508 1791 626 1824 Maria.
959 1792 1078 1825 Servos
1106 1801 1193 1834 rege,
1220 1791 1338 1825 Maria.

187 1871 220 1904 2.
249 1870 349 1902 Porta
377 1870 536 1911 polorum,
897 1874 928 1905 4.
959 1871 1094 1912 Corrige
1121 1880 1239 1904 mores.

295 1918 415 1960 Aegris
441 1919 618 1961 medicina,
1006 1920 1096 1953 Lava
1124 1920 1288 1960 vitiosum,

250 1967 332 2009 Spes
359 1968 565 2003 miserorum,
958 1970 1048 2003 Pelle
1075 1969 1214 2008 furores,

295 2017 391 2051 Salus
417 2018 451 2051 in
477 2020 583 2059 ruina,
1006 2019 1131 2052 Praebe
1158 2020 1350 2057 virtuosum,

245 2067 324 2101 Flos
350 2067 508 2110 mulieris,
955 2069 1039 2102 Dele
1065 2073 1203 2108 reatum,

247 2116 368 2150 Nescia
395 2117 542 2160 sceleris,
959 2118 1058 2151 Placa
1084 2118 1178 2151 nobis
1207 2122 1329 2156 natum,

297 2167 363 2200 Per
388 2176 518 2208 aspera,
1006 2169 1069 2200 Per
1095 2177 1268 2209 prospera,

297 2216 361 2249 Per
385 2225 558 2258 prospera,
1006 2218 1070 2250 Per
1095 2226 1223 2260 aspera,

247 2265 310 2298 Per
336 2265 433 2298 devia
958 2267 1021 2299 Per
1048 2266 1145 2299 devia

248 2314 369 2348 Servos
395 2323 483 2359 rege,
509 2315 632 2349 Maria.
957 2316 1078 2349 Servos
1105 2324 1193 2356 rege,
1219 2315 1340 2349 Maria.

252 2391 375 2421 Collect.
398 2401 453 2421 ms.
474 2392 694 2422 Llantoniense
713 2394 751 2429 (‘?)
772 2402 850 2421 saec.
877 2391 920 2421 13.
946 2393 1018 2422 cod.
1042 2393 1118 2421 Coll.
1141 2392 1357 2431 Corp.Ch1-itsi
1379 2393 1526 2421 Oxonien.

167 2430 220 2460 59.
241 2446 278 2451 —
304 2431 338 2467 l,
365 2430 383 2460 6
404 2432 478 2462 Flos
497 2433 651 2467 mulieris,
681 2441 778 2471 gegen
798 2433 858 2461 den
879 2433 980 2468 Re‘un·⁷
1009 2433 1071 2470 vgl.
1092 2432 1127 2466 2,
1154 2432 1181 2461 6.
1203 2447 1240 2453 —-
1262 2433 1325 2459 Vor
1346 2431 1382 2465 3,
1411 2431 1427 2459 ’ἶ
1449 2431 1528 2461 noch

168 2471 373 2540 {gusgiissen—
405 2469 438 2507 3,
466 2471 484 2502 9
509 2472 585 2502 fehlt
611 2474 679 2502 eine
701 2472 785 2502 Silbe
816 2481 865 2501 arn
887 2473 990 2501 Verse.
1012 2488 1051 2493 —
1072 2473 1227 2501 Abschrift
1248 2481 1308 2499 von
1330 2473 1402 2500 Rev.
1426 2472 1463 2499 H.
1486 2472 1527 2499 Μ.
