1650 2727
730 138 973 174 -71.‚.

712 339 762 370 90.
807 338 848 370 De
868 338 991 370 Mundo.

188 449 220 482 1.
246 448 355 483 Multa
380 449 476 482 nobis
501 449 730 487 adversantur,
881 453 912 484 2.
941 450 1087 485 Mundus
1115 449 1250 483 fraudes
1275 452 1501 493 praemuntur,

247 498 371 537 Quibus
399 507 504 531 mores
526 498 782 540 impinguantur,
941 499 1054 531 Scelus
1083 499 1167 531 celat
1193 505 1225 531 et
1252 498 1432 535 blanditur,

247 546 327 579 Tria
352 551 461 580 tamen
484 547 724 588 principantur,
941 547 1522 590 Dum‚quodspondet‚nonlargitur.

248 594 338 634 Quae
364 596 506 628 vicissim
535 596 757 637 proeliantur:
942 597 1088 630 Mendax
1116 607 1187 629 esse
1214 598 1425 639 comperitur,

295 645 409 677 Hostis
436 644 622 686 invisibilis,
990 646 1165 679 Occultans
1192 647 1362 687 versutius,

294 693 440 726 Mundus
466 694 519 726 hic
545 694 740 736 umbratilis,
989 695 1109 728 Rerum
1136 694 1321 728 affluentias

294 742 388 784 Caro,
416 751 522 775 comes
546 741 684 784 fragilis,
990 744 1162 784 spondens
1187 750 1217 777 et
1246 754 1297 776 res
1326 746 1444 784 varias,

246 792 312 824 Ista
339 791 589 834 coniungantur.
939 793 1055 826 Omnia
1082 795 1248 826 mentitur.

521 913 553 945 3.
581 911 766 952 Dignitates
794 914 826 943 et
852 912 1057 951 praebendas

582 961 646 992 Hic
673 959 836 1002 promittit
863 961 1076 1004 exhibendas,

582 1010 616 1043 Si
645 1014 811 1050 magnates
835 1019 897 1042 non
924 1010 1081 1049 offendas,

580 1058 645 1091 Sed
673 1058 817 1099 ipsorum
844 1063 935 1099 tegas
963 1059 1096 1092 mendas

630 1108 673 1140 Et
700 1108 844 1140 occultes
872 1108 984 1141 vitium

631 1157 736 1189 Suave
762 1166 822 1197 per
847 1158 1062 1196 mendacium,

628 1205 719 1245 Quod
747 1211 796 1238 est
822 1206 1046 1246 adulantium;

581 1254 644 1287 Sed
674 1255 734 1287 hoc
761 1265 823 1287 non
851 1256 1013 1291 attendas,

242 1371 377 1405 Flauius,
408 1371 454 1399 De
475 1376 616 1408 corrupto
639 1372 785 1401 ecclesiae
801 1375 881 1400 statu
904 1377 1051 1410 poemata.
1075 1385 1101 1411 p.
1127 1371 1173 1401 23.
1197 1384 1239 1410 sq.
1263 1389 1299 1393 -
1325 1374 1354 1406 1,
1384 1372 1402 1401 2
1424 1384 1521 1403 mores

163 1410 249 1438 adeo.
270 1426 307 1429 —
332 1411 417 1439 Nach
437 1411 592 1439 Versmars
615 1413 675 1440 und
694 1412 795 1440 lubalt
815 1412 951 1441 kiinmen
973 1413 1055 1441 diese
1073 1414 1223 1449 strophen
1245 1414 1357 1449 ffigiich
1381 1423 1417 1441 zu
1434 1416 1520 1442 Anal.

162 1450 245 1485 XXI,
268 1450 304 1478 N.
328 1449 384 1479 207
406 1450 546 1486 gehoren.

456 1604 497 1636 91.
541 1604 583 1636 De
607 1604 813 1636 Paenitentia
835 1606 867 1636 et
889 1605 927 1636 de
950 1606 1041 1636 Statu
1064 1605 1233 1637 mundano.

182 1717 215 1750 1.
243 1717 269 1751 O
296 1722 451 1757 quantum
479 1717 639 1750 sollicitor
887 1721 918 1753 2.
948 1719 1092 1756 Cunctis,
1121 1719 1237 1760 quibus
1265 1720 1380 1753 milito.

237 1766 282 1799 Et
306 1767 393 1799 curis
420 1767 626 1808 suppeditet,
950 1768 1076 1802 Diebus
1104 1769 1135 1800 in
1164 1770 1332 1810 proposito

240 1816 326 1848 Dum
355 1816 454 1848 corde
481 1817 715 1849 transmeditor
949 1819 1038 1859 Sum,
1065 1819 1153 1859 quod
1180 1818 1277 1850 velim
1305 1819 1412 1851 subito

285 1865 446 1898 Praesens
473 1871 505 1898 et
533 1865 689 1899 futurum.
996 1868 1063 1900 Aut
1092 1876 1164 1900 cras
1192 1868 1369 1901 emendari.

236 1985 398 2019 Praesens
425 1989 456 2017 et
484 1986 697 2027 praeteritum
951 1986 1032 2020 Cras
1059 1992 1093 2019 ut
1122 1996 1237 2019 corvus
1266 1987 1399 2026 emeno,

236 2036 385 2075 vergunt
410 2034 444 2067 in
470 2035 650 2075 interitum⁷
946 2035 990 2069 Et
1018 2046 1090 2068 cras
1115 2036 1200 2069 idem
1230 2041 1362 2076 appeto,

233 2084 347 2117 Talem
374 2083 475 2118 habet
501 2085 624 2118 exitum
948 2085 1040 2127 Volo,
1067 2085 1125 2118 sed
1153 2096 1216 2118 non
1244 2087 1391 2126 quaerito

283 2133 436 2168 Humana
461 2138 590 2169 natura.
996 2136 1025 2167 A
1054 2134 1151 2168 sorde
1179 2135 1343 2174 mundari,

235 2253 262 2288 O
289 2254 361 2294 quis
386 2253 595 2296 inteilegeret
946 2253 1056 2294 Ligari
1084 2254 1140 2285 secl
1170 2264 1232 2285 non
1261 2254 1366 2294 cupio.

280 2302 435 2342 Mortem,
463 2312 560 2344 quam
587 2302 628 2335 sit
658 2303 752 2345 dura,
997 2302 1169 2344 Spondens
1197 2303 1282 2335 haud
1311 2311 1461 2343 peccare,

230 2353 276 2386 Et
302 2350 398 2384 finem
426 2353 644 2394 prospiceret,
945 2352 1011 2385 Sed
1039 2361 1099 2384 nec
1125 2351 1303 2393 satisfacio,

232 2403 270 2435 In
298 2400 416 2434 timore
442 2401 578 2444 viveret,
946 2401 1011 2435 Sed
1039 2399 1095 2446 [si]
1124 2402 1212 2434 venit
1237 2402 1358 2440 unctio,

232 2452 378 2484 Voveret
402 2453 434 2483 et
461 2451 618 2484 redderet
945 2451 973 2484 T
976 2460 1038 2483 unc
1066 2451 1155 2484 venit
1181 2451 1398 2494 compunctio,

282 2499 354 2532 Deo
380 2509 440 2532 sua
465 2500 548 2536 iura.
995 2501 1057 2532 Vix
1081 2509 1212 2541 possum
1240 2500 1373 2534 salvari.
