1650 2727
273 271 321 303 In
356 271 388 303 3.
426 271 667 306 Nocturno.

369 337 569 374 Antiphonae.

185 416 216 448 1.
246 416 283 448 ln
309 415 450 449 Domino
475 416 643 450 confidens

240 464 285 497 Et
312 466 498 506 praesidem
528 466 682 499 deridens

292 513 469 547 Tormenta
494 523 557 547 non
585 516 691 548 timuit

290 563 361 596 Nee
386 567 532 596 terrores
558 564 697 597 horruit.

182 653 202 684 t»)

211 677 218 685 .
246 653 417 693 Ingressus
444 653 514 684 sinc
540 653 677 695 macula,

245 701 406 741 Operatus
432 701 602 740 iustitiam,

240 750 305 782 Hie
330 754 387 782 tna
412 750 625 782 tabernacula

241 798 350 838 Elegit
377 799 506 831 domum
534 800 713 840 propriam.

177 888 210 920 3.
239 887 368 920 Corona
395 887 435 919 de
463 887 573 928 lapide

288 935 436 968 Pretioso
465 937 650 978 decoratur,

241 985 410 1024 Purpurea
436 985 610 1026 chlamyde

290 1035 328 1067 In
356 1035 495 1067 excelsis
523 1035 711 1068 honoratur.

353 1140 565 1176 Respousoria.

177 1211 207 1242 1.
239 1209 342 1242 Omne
368 1219 468 1249 genus
495 1215 730 1244 tormentorum

240 1259 278 1291 In
306 1264 482 1299 conspectu
507 1259 673 1292 beatorum

286 1308 460 1341 Oculorum
488 1309 629 1349 ponitur,

284 1356 408 1389 Ferrea
433 1358 570 1398 erigitur

236 1405 351 1438 Serras
379 1407 466 1438 velut
493 1407 619 1447 gladios

233 1454 387 1487 Nefarios

279 1503 413 1536 Habens
439 1505 471 1536 in
499 1513 534 1535 se
561 1509 650 1549 rota3

233 1553 280 1587 Ut
308 1553 498 1586 concludam
526 1555 668 1597 brevius,

236 1602 404 1642 Quidquid
431 1606 540 1643 potest
566 1605 698 1644 gravius

231 1651 387 1693 Cogitari,

230 1700 322 1733 lubet
350 1710 488 1741 praeses
515 1702 721 1743 praeparari,

231 1749 296 1782 Sed
322 1755 448 1791 martyr
474 1750 634 1792 Georgius

280 1798 395 1832 Mente
421 1803 486 1832 stat
512 1800 655 1834 immota.

162 1847 202 1879 V.
229 1849 355 1881 Aurum
382 1848 416 1881 in
444 1848 577 1882 fornace

229 1897 480 1939 Comprobatur‚

228 1947 293 1979 Hic
318 1951 488 1989 purgatur.

230 1996 274 2030 Ut
298 1995 427 2029 fruatur

230 2046 395 2088 Perpetua
421 2057 513 2088 pace.

172 2135 205 2169 2.
233 2134 289 2167 Sic
315 2134 423 2167 vinum
452 2135 592 2175 elicitur,

233 2183 314 2217 Cum
341 2185 468 2218 calcata
494 2185 656 2226 premitur

279 2234 352 2268 Uva
379 2234 547 2274 torculari,

227 2282 282 2316 Sic
308 2292 446 2316 excussa
471 2284 568 2325 palea

227 2331 387 2366 Defertur
413 2334 455 2366 ad
481 2334 602 2366 horrea

279 2382 424 2416 Granum
453 2382 550 2416 modo
577 2383 670 2423 pari3

226 2431 366 2465 Ferrum
395 2431 430 2465 fit
458 2432 668 2474 splendidius

223 2481 270 2515 Et
295 2481 417 2515 clarius

226 2532 356 2566 Iussum
382 2531 522 2564 elimari.

799 174 848 210 93

856 273 896 307 V.

931 272 985 304 Sic
1011 272 1165 304 maiorem
1194 273 1249 305 dat
1277 274 1410 305 odorem

928 322 994 354 Tus
1019 321 1173 353 iniectum
1201 322 1340 362 ignibus,

931 369 1051 401 Senum
1078 369 1190 401 reddit
1216 370 1365 401 altiorem

928 417 1060 451 Chorda
1087 421 1180 449 tensa
1207 418 1366 451 manibus.

865 508 897 539 3.
930 505 1004 538 Sale
1031 506 1239 546 superposito

856 2336 889 2368 ’ζῆ

927 554 1106 586 Redivivus
1133 553 1241 586 subito

976 604 1073 635 Redit
1103 603 1197 634 dolor
1224 604 1402 642 vulnerum,

923 652 1008 684 Dum
1037 655 1188 690 tortetur,
1217 662 1279 684 non
1307 657 1460 693 terretur,

923 701 1028 733 Iesum
1058 701 1159 741 magis
1188 702 1370 740 confitetur,

972 750 1087 782 Stabat
1117 750 1222 782 victus
1249 755 1281 781 et
1308 749 1450 782 afflictus

974 799 1095 831 Plenus
1123 808 1257 839 praeses
1286 800 1457 834 scelerum.

905 842 910 844 ⁷
921 849 1048 888 Quanto
1075 857 1180 889 poena
1206 849 1323 882 acrior.

922 898 1028 929 Tanto
1055 897 1147 929 miles
1177 897 1293 929 fortior

972 947 1145 979 Animatur
1172 947 1214 978 ad
1241 951 1418 985 certamen7

972 996 1008 1028 In
1020 1006 1082 1036 quo
1090 996 1193 1035 spirat
1203 999 1349 1027 sanctum
1359 995 1494 1028 flumem.

1010 1154 1056 1184 ln
1093 1151 1330 1185 Laudibus

1069 1239 1270 1275 Antiphonac.

884 1365 891 1371 .
919 1339 958 1371 In
985 1344 1153 1371 aeternum

969 1388 1117 1428 regnabit
1146 1387 1314 1428 Dominus,

918 1436 1015 1469 Cuius
1043 1437 1133 1477 regni

967 1496 1030 1518 non
1058 1486 1119 1518 erit
1147 1486 1315 1519 terminus.

914 1572 1056 1606 Iubilate
1084 1578 1115 1606 et
1142 1575 1263 1606 servite

964 1625 1108 1656 Domino
1136 1624 1168 1655 in
1196 1624 1305 1656 sobria

965 1673 1206 1713 Exsultatione,

916 1722 1032 1754 Portas
1060 1724 1128 1754 eius
1156 1723 1302 1754 introite.

915 1811 968 1843 Ad
998 1817 1029 1842 te
1057 1811 1097 1843 de
1125 1810 1196 1842 luce
1224 1810 1334 1852 vigilo,

914 1860 1003 1892 Deus
1031 1869 1131 1897 meUS,

966 1914 997 1941 et
1023 1909 1083 1941 tibi
1111 1909 1213 1940 iubilo

916 1959 1017 1991 Pulso
1044 1959 1159 1999 procul

964 2019 983 2040 a
1010 2010 1109 2041 corde
1138 2007 1259 2041 nubilo.

915 2097 1097 2130 Benedicat.
1125 2098 1264 2129 creatori

965 2147 1078 2179 Omnis
1106 2150 1267 2185 creatura,

914 2195 1013 2228 Suum
1042 2196 1169 2236 plasma
1196 2195 1398 2236 plasmatori,

965 2244 1098 2277 Facturi
1127 2243 1265 2277 factura.

918 2333 985 2374 Sol,
1012 2334 1091 2366 luna
1118 2337 1150 2364 et
1176 2334 1285 2365 omnia

917 2382 1008 2415 Caeli
1035 2382 1209 2415 luminaria

912 2431 1064 2465 Laudant
1091 2431 1208 2471 Deum,
1236 2432 1289 2472 qui
1316 2430 1451 2471 propria

914 2481 1065 2514 Potentia

916 2530 1040 2563 Cui-vat
1065 2530 1217 2572 imperia.
