1650 2727
718 167 957 204 -45-

529 332 795 378 Cantiones
826 332 1144 377 Partheniae.

620 507 663 538 51.
704 507 740 538 lu
762 505 940 538 Nativitate
964 506 1053 538 ssiiv.

162 603 194 637 1.
222 602 290 634 Iam
318 610 434 634 novum
462 600 554 632 sidus
581 599 694 641 oritur,
866 599 899 631 2.
930 599 996 630 Iam
1025 598 1127 630 nubes
1155 597 1355 635 dissolvitur,

272 650 337 682 Iam
367 653 455 692 patet
483 648 623 690 galaxia,
978 648 1046 679 Iani
1074 651 1165 688 patet
1191 647 1331 688 galaxia,

220 701 289 732 Iam
317 708 355 730 ex
383 698 505 732 Iudaea
532 698 687 737 nascitur,
929 697 996 729 Iam
1024 695 1083 728 flos
1111 696 1152 727 de
1178 696 1274 736 spina
1300 696 1473 735 rumpitur,

269 749 337 781 lam
365 747 470 780 oritur
495 747 614 787 Maria,
978 746 1044 777 Iam
1073 745 1178 777 oritur
1204 745 1320 780 Maria,

221 797 289 829 Iam
316 797 410 829 nobis
437 797 521 828 enim
548 795 717 837 panditur,
928 795 995 827 Iam
1024 804 1134 826 verum
1162 795 1269 826 lumen
1299 794 1454 833 cernitur,

269 847 336 879 lam
366 847 420 878 det
448 846 542 878 nobis
569 844 689 886 gaudia
979 844 1045 875 Iam
1075 844 1318 875 demonstratur
1346 843 1407 878 via.

267 897 306 929 In
332 895 415 928 caeli
443 896 532 927 curia
977 893 1043 925 Iam
1071 902 1132 934 pro
1156 893 1250 924 nobis
1277 893 1332 934 pia

268 944 428 978 Christus.
457 945 546 976 cuius
571 943 639 976 filia
976 942 1101 975 Exorat
1128 941 1246 981 Maria,

270 993 313 1026 Et
339 998 444 1026 mater
470 1003 514 1033 es,
541 993 661 1030 Maria,
976 991 1021 1024 Ut
1050 990 1197 1024 fruamur
1223 991 1338 1031 gloria.

236 1078 359 1108 Collect.
389 1090 441 1108 ηις.
465 1079 794 1108 Eberhardiclusanum
824 1088 901 1107 saec.
936 1078 978 1107 152
1007 1079 1078 1106 Cod.
1111 1079 1264 1105 'I'revirem
1295 1076 1360 1105 :³.·.’·2.
1383 1093 1420 1096 —
1449 1077 1471 1108 l,
1495 1081 1512 1101 Η

157 1120 248 1148 filius.
278 1136 308 1140 -
334 1118 361 1153 2,
384 1119 398 1148 1
421 1119 596 1147 desolvitur.
619 1134 657 1137 Ἠ
682 1117 709 1152 2,
738 1118 756 1147 3
779 1117 841 1146 Iam
864 1119 952 1146 nobis
975 1118 1009 1145 de
1033 1120 1121 1154 spina
1144 1119 1299 1152 rumpitur.
1325 1133 1359 1137 —
1383 1116 1410 1150 ⁴2,
1432 1118 1449 1145 9
1475 1104 1513 1146 [ἦ

157 1168 273 1187 summa
294 1159 411 1187 fruitur.

593 1244 641 1275 52.
684 1243 719 1274 ln
742 1242 967 1275 Purificatione
993 1242 1079 1274 BMV.

569 1336 607 1369 R.
638 1335 846 1368 Gaudeamus

695 1394 779 1418 nova
806 1394 877 1417 curn
905 1385 1048 1416 laetitia!

157 1477 189 1509 1.
218 1474 339 1514 Fulget
367 1474 436 1506 dies
465 1473 634 1517 hodierna,
866 1474 897 1506 3.
928 1474 1024 1506 Prius
1051 1473 1168 1514 gau-le,
1199 1474 1297 1505 vetuli

218 1523 306 1556 Nata
332 1523 405 1556 luce
429 1523 641 1564 sempiterna,
926 1523 1033 1556 Senex
1061 1526 1151 1555 aetas
1179 1523 1320 1564 servuli,

214 1572 310 1605 Nova
338 1573 420 1615 dies,
930 1572 998 1605 Dat
1024 1581 1058 1604 se
1086 1572 1189 1604 visum

267 1631 351 1654 nova
377 1622 539 1660 natalitia,
977 1620 1120 1654 Simeoni
1149 1622 1262 1663 veteri,

215 1671 329 1704 Novus
355 1680 470 1713 annus,
922 1672 1059 1704 Mittunt
1087 1680 1189 1711 aquus

265 1730 350 1753 nova
376 1721 457 1753 haec
483 1720 664 1759 sollemnia,
969 1720 1029 1752 sub
1057 1720 1188 1761 lechyto
1216 1721 1321 1760 pueri,

214 1771 309 1803 Nova
336 1771 453 1802 decent
479 1770 598 1812 gaudia
926 1770 1063 1802 Novitas
1091 1770 1250 1812 miraculi,

216 1820 330 1852 Novae
356 1819 464 1852 laudis
492 1819 630 1854 cantica,
925 1820 994 1859 Quo
1026 1820 1198 1851 mittuntur
1224 1819 1334 1853 iaculi.

154 1911 189 1943 2.
215 1908 360 1950 Speciali
388 1908 494 1950 gaude
521 1908 631 1952 choro,
868 1909 901 1943 4.
929 1909 1041 1942 Omnis
1068 1918 1144 1949 ergo
1171 1914 1273 1946 aetas,
1299 1909 1415 1951 gaude.

216 1958 367 1992 Maritali
393 1959 505 1991 iuncta
531 1958 637 1999 thoro,
929 1958 995 1992 Sed
1023 1962 1068 2001 tu,
1097 1959 1199 1999 virgo,
1228 1959 1319 1999 prius
1347 1959 1480 2000 plaude,¹

217 2008 281 2041 Suo
308 2007 397 2040 Deus
928 2009 1028 2050 Virgo
1056 2008 1140 2048 parit

264 2058 465 2098 sempiterno
486 2056 554 2090 filio
975 2057 1075 2090 filium
1105 2058 1311 2097 prudentiae.

213 2107 398 2140 Ecclesiam
928 2107 1054 2139 Novum
1083 2116 1183 2148 genus

264 2157 397 2198 copulat
422 2155 586 2199 conubi03
979 2157 1095 2189 mirum
1126 2156 1186 2188 hoe
1214 2158 1392 2198 potentiae,

215 2207 360 2240 Viduata
387 2206 538 2245 Domino,
930 2206 1062 2238 Partuni
1090 2215 1163 2237 esse
1192 2206 1332 2238 feminae

215 2257 335 2289 Annae
360 2255 468 2298 gaude
490 2255 620 2297 gaudio.
928 2256 1006 2289 Sine
1032 2255 1166 2296 plaudat
1196 2256 1331 2289 semine.

229 2343 319 2379 Trop.
344 2351 397 2370 ms,
412 2342 610 2371 Martialense
633 2351 713 2370 saec.
738 2339 782 2370 12.
797 2339 858 2379 [13.
876 2340 943 2379 14.].
959 2342 1031 2370 Cod.
1049 2343 1177 2370 Parisiu.
1198 2341 1288 2375 num
1313 2344 1365 2370 mit
1384 2342 1515 2370 Melodie

151 2384 184 2411 in
205 2383 352 2411 Neumen.
373 2397 412 2403 —
434 2379 460 2416 2,
486 2381 498 2410 l
523 2391 636 2410 corum.
661 2399 698 2402 —
720 2380 746 2416 2,
770 2380 788 2409 5
810 2391 854 2420 sq.
870 2382 1000 2418 Copulat
1021 2383 1190 2410 ecclesiam.
1214 2397 1249 2402 -—
1273 2382 1299 2415 3,
1329 2383 1339 2410 l
1363 2384 1461 2417 gaude
1484 2386 1517 2410 ut

150 2422 260 2451 veruli.
288 2435 327 2441 ⁴-
355 2419 382 2454 3,
411 2419 429 2450 2
458 2421 560 2450 sei-uli.
589 2436 628 2442 —
656 2419 684 2455 3,
710 2419 729 2449 3
758 2421 806 2450 Da
832 2431 873 2450 se.
901 2436 937 2441 —
968 2422 995 2456 3,
1023 2421 1041 2449 6
1068 2422 1123 2450 sub
1154 2424 1248 2450 eccite
1272 2423 1364 2458 pueri.
1391 2437 1426 2441 —-
1448 2420 1475 2455 3,
1499 2421 1516 2449 7

150 2461 341 2490 miraculum.
354 2476 394 2481 —-
407 2461 467 2490 Die
488 2462 594 2490 Reime
615 2462 668 2490 der
690 2460 842 2497 Strophen
864 2461 964 2490 bilden
986 2461 1035 2490 die
1050 2461 1168 2490 Vokale
1192 2472 1217 2495 a,
1235 2471 1261 2493 o,
1279 2463 1296 2492 i,
1314 2470 1345 2495 ος
1368 2461 1515 2489 demnach

152 2500 293 2531 mfiehten
321 2500 371 2529 die
399 2499 550 2538 Strophen
575 2500 600 2528 1.
621 2501 649 2530 4.
671 2498 698 2529 3.
721 2499 740 2528 2
766 2509 804 2528 zu
833 2499 946 2530 ordnen
975 2501 1036 2530 und
1065 2503 1130 2529 eine
1161 2501 1415 2537 Schlussstrophe,
1445 2504 1473 2529 in
1497 2511 1516 2528 u

151 2541 296 2575 reimend,
320 2540 508 2578 ausgefallen
530 2541 606 2568 sein.
