1650 2727
691 134 931 170 ,42-

374 232 551 265 Daemonis
577 233 677 264 astuti
702 241 815 265 sumus
840 233 947 266 effecti
973 242 1101 276 quoque
1126 234 1200 274 tuti,

375 281 400 314 O
428 281 582 322 princeps
610 280 751 322 Christe,
781 281 843 314 tibi
868 282 940 315 laus
965 282 1007 314 sit
1034 282 1184 315 modulus
1209 282 1282 314 iste.

221 385 343 414 Collect.
367 396 419 414 uis.
442 386 728 414 Eberhardiclusan.
750 395 827 414 saec.
852 385 895 414 15.
919 386 990 415 Cod.
1011 388 1164 416 Treviren.
1189 385 1255 415 322.
1279 387 1337 414 Mit
1360 385 1432 413 Mel.
1455 399 1491 403 -

145 425 158 453 1
182 427 287 453 victos.
311 440 345 445 -
369 424 386 452 2
407 427 448 454 Et
469 426 546 460 quod
569 425 617 452 hic
639 448 645 454 .
669 448 675 453 .
699 447 704 451 .
725 427 918 454 cruciamina.
941 440 977 445 —
998 424 1016 454 3
1038 426 1183 454 Alliciens
1205 426 1281 453 caeli
1303 425 1429 453 viventi.
1452 438 1492 442 —

142 464 161 492 4
182 467 292 532 iustusl.)
311 480 347 485 —
369 464 386 492 5
409 466 477 493 hinc
500 465 659 501 psallades.
680 479 715 486 -ι-
740 463 757 492 6
779 465 851 502 quia
872 466 966 492 mitte.
989 480 1024 483 —
1047 465 1063 493 7
1086 465 1191 493 affecti.
1208 480 1244 484 —-
1259 462 1278 492 8
1299 466 1325 493 Ο
1349 465 1491 500 princeps

142 511 226 541 Opem
248 506 271 532 ti
295 506 312 532 i.

540 619 590 650 45.
635 618 669 650 ln
691 617 939 650 nec-surrectione
961 616 1094 649 Domini.

143 722 176 755 1.
204 720 345 762 Surgens
372 720 485 752 mortis
513 721 618 751 victor
652 720 745 753 fortis
844 722 876 754 2.
905 721 1057 753 Formam
1084 728 1214 751 sumens
1242 719 1459 759 humamlem,

204 769 365 802 Praedam
394 769 467 801 tulit
496 770 536 801 ‹le
563 769 710 801 distortis
907 770 945 802 In
972 777 1007 799 se
1033 774 1147 801 tenens
1175 767 1405 809 triumphalem

248 818 403 850 Barathri
431 818 597 859 militibuS,
953 817 1188 850 possidendam
1217 817 1362 859 caelituS‚

200 867 291 899 Patri
320 865 426 899 factus
454 867 638 907 coaequalis
904 866 1009 899 Nobis
1035 867 1135 898 vitam
1162 867 1340 906 reparavit,

199 915 259 947 Est
287 919 429 947 mutatus
456 916 541 957 talis,
570 915 674 955 qualis
899 916 972 956 'Qua
1002 924 1061 948 nos
1087 915 1195 947 Adam
1223 924 1341 955 pareus
1366 913 1486 947 stravit

249 964 290 996 Se
318 964 479 1005 praestitit
506 964 701 998 hominibus,
952 964 1015 996 Per
1044 968 1214 1005 peccatum
1241 964 1380 1004 penitus.

541 1076 571 1107 3.
601 1073 695 1105 Hanc
721 1073 854 1106 advexit
882 1082 1095 1116 supernorum

599 1122 730 1154 Turbae
758 1123 874 1154 chorus
901 1122 1091 1164 angelorum

651 1171 713 1203 Per
739 1175 889 1212 patentes
916 1171 1037 1204 aditus.

217 1275 340 1303 Collect.
363 1285 419 1303 ms.
443 1275 728 1304 Eberhardiclusan.
753 1285 829 1304 saec.
856 1275 899 1303 15.
925 1276 995 1304 Cod.
1018 1277 1172 1304 Treviren.
1194 1274 1261 1304 322.
1302 1276 1359 1304 Mit
1378 1275 1448 1303 Mel.

539 1450 585 1480 47.
627 1448 661 1480 ln
684 1448 930 1480 {resurrectione
952 1448 1085 1481 Domini.

143 1562 172 1593 1.
199 1559 380 1600 Epulemur
407 1561 440 1592 in
467 1560 579 1592 azimis
845 1562 876 1594 2.
905 1560 1116 1593 Gratulemur
1143 1560 1176 1592 in
1203 1559 1356 1592 laudibus

201 1608 406 1641 sinceritatis
433 1610 553 1641 veteris
903 1609 1095 1642 Praecelsae
1122 1610 1185 1642 Dei
1211 1609 1359 1649 virgiuiS‚

203 1657 246 1689 Et
274 1658 420 1690 veritatis
447 1658 611 1699 gressibus
905 1658 969 1691 Det
994 1659 1088 1690 nobis
1115 1668 1206 1690 suum
1234 1657 1345 1690 filium.

200 1706 318 1739 Mundi
345 1707 440 1738 huius
467 1707 633 1746 solacium,
905 1707 1032 1749 Cordis,
1061 1708 1168 1739 carnis
1195 1707 1334 1748 pedibus

202 1755 314 1787 Donec
340 1760 520 1796 purgentur
546 1760 668 1796 vetera,
902 1756 992 1789 Zima
1018 1761 1157 1797 purgato
1182 1756 1294 1793 veteri,

201 1805 270 1845 Quo
297 1804 475 1845 premimur
500 1814 569 1842 nos,
598 1804 687 1839 vitia.
905 1806 973 1846 Quo
999 1804 1168 1837 firmemur
1194 1805 1314 1840 miseri,

220 1910 343 1939 Collect.
372 1920 426 1938 ms,
456 1909 782 1938 Eberhardiclusanum
812 1919 889 1939 saec.
922 1911 965 1939 15.
995 1911 1066 1939 Cod.
1094 1912 1247 1939 Trevireu.
1269 1909 1336 1939 322.
1359 1926 1395 1931 —
1420 1910 1445 1945 1,
1469 1909 1491 1938 5

140 1950 307 1988 purgando.
330 1964 365 1969 —
392 1949 415 1983 1,
438 1950 455 1978 6
478 1951 571 1977 vitiis.
593 1964 631 1968 —
653 1948 679 1982 2,
702 1948 719 1978 2
740 1950 781 1978 Ut
803 1950 890 1978 nobis
912 1959 1007 1978 suum.
1029 1967 1067 1971 —
1089 1948 1115 1983 2,
1138 1949 1155 1978 6
1176 1950 1338 1978 firmentur.

539 2123 589 2154 48.
630 2122 664 2154 In
685 2122 897 2154 Exaltationo
918 2131 944 2154 s.
966 2122 1083 2154 Crucis.

140 2236 174 2269 1.
200 2234 226 2267 O
253 2235 337 2267 mira
363 2234 546 2272 clementia,
842 2235 872 2267 2.
902 2233 968 2267 Sua
994 2235 1065 2267 sola
1091 2236 1208 2275 gratia,

196 2282 401 2324 Triumphus
428 2285 456 2314 et
480 2281 598 2324 floria,
900 2283 1107 2324 Triumphus
1134 2285 1163 2316 et
1185 2284 1306 2326 yloria‚

200 2333 339 2373 Propter
364 2336 476 2364 nostra
504 2331 582 2363 vitia
900 2332 959 2365 Pia
985 2332 1058 2372 pius
1085 2333 1192 2366 hostia

250 2380 363 2415 Crucis
390 2380 567 2412 extollatur
951 2380 1099 2415 Christus
1125 2381 1322 2423 immolatur,

196 2429 393 2473 Triumphus
420 2432 452 2461 et
477 2429 593 2469 gloria,
903 2430 1102 2471 Triumphus
1129 2435 1161 2463 et
1188 2433 1303 2473 gloria,

251 2479 399 2512 Christus
424 2478 622 2510 immolatur.
951 2479 1100 2513 Christus
1126 2481 1325 2516 immolatur.
