1650 2727
696 189 741 195 „-
794 169 863 205 122
914 189 958 194 .-

186 267 226 303 V.
251 269 340 309 Quos
366 266 460 311 fides,
488 277 563 309 spes
591 274 623 301 et
650 269 770 302 caritas
936 269 990 302 Ad
1018 269 1123 302 locum
1152 270 1258 300 autem
1286 267 1465 307 venientes,

258 317 312 350 Sic
331 317 455 359 implet,
482 322 611 359 purgat,
633 315 803 362 [re]creat‚
938 317 1028 350 Nihil
1055 318 1162 357 ipsum
1189 316 1400 353 sustinentes.

255 366 312 407 Ut,
330 366 384 407 qui
401 362 595 411 [Christum]
617 377 679 399 non
699 371 844 407 noverat,
937 365 1150 399 Natumtollit
1159 363 1317 397 ferensad
1329 362 1508 397 Abundum

255 415 341 448 Mori
357 424 417 456 pro
429 415 560 448 Christo
574 416 637 448 iam
653 419 800 457 quaerat.
937 415 981 448 Et
1007 414 1102 447 simul
1126 414 1233 455 pergit
1251 413 1294 445 ad
1313 412 1504 446 secundum.

201 514 232 545 2.
262 512 317 544 Sic
343 512 396 544 isti
424 511 546 544 Christi
573 513 717 545 athletae

305 561 397 593 Tunc
423 561 549 601 pariter
576 565 750 600 certantes,

254 609 449 642 Constantes
476 614 507 641 et
533 610 702 652 intrepidi,
1061 607 1106 635 Ad
1127 607 1311 644 Magnificat.

309 658 346 690 In
376 658 464 689 nullo
489 663 729 690 murmurantes

256 707 309 739 Ab
338 707 437 746 impio
464 707 607 738 satellite

307 755 456 788 Percussi
485 761 558 786 sunt
587 760 730 788 orantes,

192 804 229 835 V.
258 804 301 836 Et
328 805 376 835 sic
402 803 434 834 in
463 804 536 844 agni
563 805 719 844 sanguine

305 853 389 884 Suas
416 852 516 883 stolas
544 852 736 883 dealbantes

252 901 305 933 Ad
337 909 469 940 regnum
496 909 639 932 summae
666 899 788 940 gloriae

310 950 465 980 Volarunt
493 949 716 981 collaetantes.

1009 543 1056 574 In
1084 542 1116 574 2.
1145 540 1368 580 Vesperis.

863 685 907 721 A.
936 687 1054 720 Ottone
1081 696 1196 726 magno
1223 687 1418 727 imperante,

938 735 1096 768 Silvestro
1123 744 1210 775 papa
1235 735 1458 775 triumphante

987 784 1054 816 Pax
1082 783 1179 814 rediit
1207 784 1376 824 ecclesiae,

933 833 963 865 A
991 832 1150 864 Sclavinis
1178 832 1339 870 timentes,

934 881 1151 913 Adalbertum
1178 881 1387 920 perimentes,

982 929 1103 960 Eorum
1131 928 1219 967 pium
1247 929 1443 970 praesulem.

936 979 981 1009 At
1007 978 1079 1017 pius
1106 977 1287 1016 imperator
1310 975 1465 1009 militavit

936 1025 1143 1065 Slavoniam,
1178 1025 1255 1057 iude
1291 1033 1410 1066 corpus
1447 1024 1506 1056 ad·

527 1094 532 1099 -
1235 1074 1355 1106 ortavit

323 1095 367 1126 In
395 1093 632 1127 Landlbus‘
932 1123 1149 1154 Adalbertum
1177 1083 1381 1154 etphumavit

349 1179 394 1208 Ad
418 1180 605 1207 Benedictus.
986 1173 1023 1204 In
1050 1170 1193 1202 mirabili
1220 1171 1370 1206 ecclesia.

931 1220 1023 1252 Inter
1038 1221 1117 1251 duos
1129 1224 1245 1259 pontes
1256 1224 1303 1251 est
1316 1221 1503 1252 constructa

179 1266 222 1302 A.
250 1269 437 1300 Marcianus
465 1277 535 1299 cum
562 1269 683 1299 abisset
931 1269 1023 1302 Urbe
1050 1269 1153 1300 Roma
1174 1267 1302 1308 florida,

252 1317 293 1348 Et
320 1318 362 1349 ad
390 1316 494 1347 locum
523 1318 737 1356 pervenisset,
932 1317 982 1349 lbi
1009 1326 1147 1357 corpora
1176 1317 1318 1348 deducta

253 1365 398 1397 Ministri
427 1364 490 1396 diri
518 1364 659 1397 Satanae
931 1365 1066 1398 Abundi
1094 1369 1126 1396 et
1151 1365 1367 1407 Abundanffl,

253 1413 435 1445 Nolueruut
470 1417 594 1444 tantum
623 1413 796 1453 sustinere,
929 1414 1080 1446 Aliorum
1108 1422 1245 1453 corpora
1274 1415 1375 1446 multa

251 1461 360 1501 Usque
385 1470 447 1501 quo
465 1466 576 1493 natum
596 1461 794 1501 adduceret3
931 1462 973 1494 Et
1000 1462 1095 1495 beata
1124 1462 1308 1496 Theodora.

231 1538 313 1565 offic.
339 1546 390 1565 ms.
415 1538 577 1566 Castellan.
600 1547 677 1565 saec.
702 1536 745 1565 17.
767 1538 839 1566 Cod.
862 1539 1002 1575 Borgian.
1024 1540 1050 1567 L
1072 1538 1131 1566 VII
1152 1536 1198 1566 26.
1221 1553 1258 1557 —
1279 1539 1321 1566 In
1344 1538 1369 1566 1.
1394 1540 1504 1574 Vesp.

155 1576 180 1603 A
205 1575 230 1609 l,
251 1576 269 1604 5
292 1578 322 1604 in
344 1576 489 1612 cophitos.
511 1591 549 1596 -—
571 1575 598 1604 A
620 1576 645 1609 5,
669 1575 686 1604 2
702 1577 814 1605 Christi
835 1577 1003 1605 clementia.
1027 1593 1062 1597 -—
1078 1577 1124 1604 Ad
1139 1578 1241 1614 Magn.
1257 1576 1294 1609 Δ,
1316 1576 1334 1605 3
1357 1578 1502 1605 misterio.

155 1631 191 1634 —
213 1616 252 1643 In
279 1615 306 1644 3.
334 1617 438 1644 Noct.
460 1614 489 1643 R
518 1615 549 1648 1,
580 1614 614 1643 10
639 1616 725 1643 modo
753 1620 886 1651 quaerat.
916 1631 953 1635 ——
975 1618 1017 1644 In
1044 1616 1156 1644 Laud.
1181 1616 1276 1652 Super
1297 1617 1361 1644 Pss.
1385 1614 1441 1644 ΔΑ
1466 1625 1504 1643 ex

158 1653 182 1681 1.
205 1651 298 1690 Vesp.
319 1670 357 1673 —
378 1654 422 1681 Ad
445 1655 554 1682 Bened.
577 1653 618 1686 A,
641 1653 659 1682 8
683 1654 761 1682 tollit
783 1655 867 1682 illum
889 1655 994 1683 ferens.
1016 1671 1054 1675 —
1075 1656 1117 1682 In
1147 1654 1173 1682 2.
1201 1656 1309 1692 Vesp.
1332 1656 1377 1683 Ad
1402 1655 1504 1692 Magn.

156 1693 190 1727 A,
213 1692 231 1721 3
253 1694 390 1721 reddidit.
411 1708 449 1712 —-
471 1693 547 1721 Ibid.
572 1693 589 1721 5
611 1694 655 1721 Ad
677 1693 838 1722 Sciamus.
859 1708 896 1713 ——
917 1695 995 1722 Ibid.
1017 1695 1034 1722 5
1058 1698 1086 1722 et
1105 1692 1124 1721 9
1147 1694 1192 1722 Ad
1213 1694 1378 1722 Albertum.

621 1846 672 1877 49.
713 1845 756 1877 De
778 1848 888 1878 sancto
909 1847 1032 1887 loseph.

295 1947 355 1979 Ad
383 1947 656 1982 Matutinum,
929 1949 1006 1990 Fac,
1034 1950 1185 1990 placeant
1209 1958 1333 1981 summo

365 2004 587 2031 Invitatorium.
979 1997 1123 2030 carmina
1150 2001 1264 2030 nostra
1289 1997 1371 2033 Deo.

252 2073 347 2105 Nunc
358 2073 467 2105 venias
478 2083 697 2114 properesque
706 2072 823 2116 libens,

301 2123 416 2154 devote
443 2123 608 2163 sacerdos,

253 2171 297 2204 Ut
325 2171 450 2203 Mariae
478 2179 596 2212 sponso

300 2220 486 2260 Christique
501 2229 643 2251 canarius
653 2220 793 2253 alumno.

867 2107 899 2139 2.
927 2105 1080 2145 Pufflica,
1107 2114 1196 2147 sana,

978 2154 1047 2187 dita
1072 2163 1142 2193 nos,
1170 2154 1309 2186 maxime
1336 2153 1469 2196 Ioseph,

930 2203 1052 2235 Noster
1078 2202 1162 2234 enim
1191 2208 1239 2234 est
1265 2204 1393 2235 animus

980 2251 1144 2290 sordiduS,
1172 2261 1280 2292 aeger.
1308 2261 1416 2292 egens.

334 2326 397 2359 Ad
434 2326 612 2360 Laudes,

373 2384 572 2421 Antiphonae.
870 2361 902 2394 3.
929 2360 990 2399 Qui
1018 2360 1210 2400 peregrinus
1237 2369 1321 2397 eras,

978 2408 1071 2441 nobis
1097 2412 1168 2441 esto
1194 2409 1376 2451 peregrinis

191 2455 222 2488 1.
250 2454 393 2488 Illustris
420 2455 620 2495 patriarcha,
647 2455 777 2499 Ioseph,
929 2457 1015 2500 Dux,
1043 2466 1151 2491 comes
1177 2462 1210 2490 et
1236 2457 1356 2502 fautor,

297 2504 407 2538 David
433 2504 546 2536 inclita
573 2506 692 2549 proles,
975 2507 1133 2540 scandala
1158 2507 1237 2540 tolle
1264 2508 1346 2542 viae.
