1650 2727
681 149 947 186 -193—

266 248 315 282 In
341 249 374 282 2.
403 246 640 282 Nocturno.

354 323 557 362 Antiphonae.

144 423 179 457 1.
207 423 410 456 Ostendebat
437 431 509 454 eum

255 472 378 512 duplex
405 471 539 504 dilectio
566 475 705 514 gratum,

206 520 394 553 Prudenter
419 520 604 561 moderans,

257 568 352 602 fortis
381 565 444 612 [et]
470 569 574 600 iustus
602 573 683 601 erat.

143 669 176 701 2.
203 666 339 707 Accipit
362 667 394 698 in
421 666 543 698 somnis

256 715 370 748 diviua
395 715 527 747 oracula
555 719 698 757 sanctus,

205 766 401 807 Aggrestem
428 763 564 796 Fresiae

256 814 378 846 viseret
404 818 436 845 ut
465 813 624 854 populum

150 913 183 946 3.
212 911 456 952 Subveniatque
484 912 603 944 docens
616 922 622 950 ;

260 960 345 993 iuud
378 970 454 992 nam
480 965 608 1001 tempus
636 960 782 1000 adusque

206 1002 313 1042 Error
339 1009 470 1050 gentilis

257 1058 447 1091 ludificabat
477 1068 558 1090 eum.

146 1159 179 1191 4.
209 1157 302 1189 Tunc
328 1155 601 1197 Rotomagensem

259 1204 452 1238 cathedram
479 1210 612 1237 sanctus
642 1205 783 1237 habebat

914 246 1111 285 Ansbertus‚
1140 246 1238 278 rebus

965 295 1160 336 conspicuus
1186 294 1328 329 Domini,

881 399 888 407 .
918 373 1017 406 Cuius
1044 377 1223 413 praecepto

966 421 1090 455 Christi
1118 422 1241 453 zelatus
1268 431 1378 454 amore

917 470 1056 503 Sanctus
1085 469 1300 502 Wulfrannus

965 520 1025 551 hoc
1052 520 1115 551 iter
1140 519 1343 559 aggreditur.

880 626 885 632 .
917 598 1014 640 Ecce,
1041 597 1247 629 sacerdotum

965 647 1098 679 collatio
1125 650 1238 678 sancta
1264 646 1393 687 piorum

917 695 1078 729 Errantes
1104 699 1236 734 tractat,

966 753 1006 777 ne
1034 745 1163 785 penitus
1190 750 1337 787 pereant.

979 894 1086 926 1113.
1115 891 1351 924 Noeturno.

1064 970 1108 997 Ad
1130 971 1265 997 Cantica.

878 1083 885 1090 .
916 1059 978 1091 Pro
1006 1058 1108 1096 nobis,
1139 1058 1346 1102 Wulfranne‚
1374 1059 1433 1092 tibi

970 1107 1204 1141 famulantibus
1233 1118 1300 1145 ora,

922 1156 1094 1189 Convertis
1126 1158 1267 1190 Domino

971 1206 1025 1246 qui
1049 1206 1185 1239 Fresiae
1213 1207 1380 1247 populum.

213 1292 386 1322 Chronicon
423 1302 475 1320 ms.
515 1292 746 1320 fontanellense
778 1300 855 1320 saec.
889 1291 906 1319 9
938 1290 1089 1328 [12-1-51.
1124 1294 1194 1322 cod.
1229 1294 1337 1321 Portus
1370 1295 1493 1323 Gratiae

133 1330 202 1361 332.
225 1347 264 1352 -
285 1329 346 1360 BR
368 1332 428 1359 und
452 1332 500 1359 die
523 1331 576 1360 ΛΑ
599 1331 636 1359 ad
663 1331 782 1359 Laudes
805 1332 971 1368 prosaisch.

603 1477 652 1508 80.
697 1477 740 1508 De
763 1480 872 1509 sancto
895 1476 1027 1508 Zosimo.

277 1570 323 1602 In
349 1570 381 1604 1.
411 1569 638 1610 vesperis.

327 1646 424 1683 Super
445 1646 593 1675 psalmos.

131 1737 175 1771 A.
203 1735 330 1778 Gaude,
359 1735 440 1768 felix

256 1785 334 1818 urbs
362 1785 553 1827 Syracusia,

208 1834 306 1868 Tanti
327 1834 434 1875 patris
484 1849 489 1857 x

258 1883 372 1917 dotata
397 1884 513 1924 gloria,

206 1934 370 1967 Praesens
396 1937 505 1966 tecum

256 1988 362 2016 mater
389 1983 528 2016 ecclesia

204 2032 243 2065 In
271 2032 427 2067 concordi

257 2082 375 2115 mentis
402 2082 546 2115 melodia

207 2131 340 2165 Promat
368 2141 472 2164 novae

258 2180 367 2215 laudis
393 2181 580 2223 praeconia.

132 2260 180 2296 R.
207 2260 234 2294 Ο
261 2260 437 2301 praeclara
463 2259 671 2293 sacerdotum

262 2309 386 2343 Christi
412 2310 575 2350 natalitia,

209 2358 336 2400 Quibus
361 2359 524 2393 Zosimam
553 2359 710 2400 ascripsit

257 2409 292 2442 in
319 2409 456 2442 caelesti
482 2408 575 2442 curia

209 2458 286 2493 Lux
311 2458 480 2496 virtutum,
506 2467 622 2492 norma
648 2466 786 2498 morum,

260 2508 348 2542 vitae
375 2507 602 2542 sanctimonia.

192 2567 340 2598 Dreves,
362 2568 510 2592 Historiae
527 2566 725 2596 Rhythmieae.
757 2565 838 2590 vm.

846 1570 885 1602 V.
919 1571 1010 1603 Inter
1037 1579 1172 1610 quorum
1201 1569 1342 1610 gloriosa

970 1619 1112 1659 positum
1141 1620 1305 1651 consortia

920 1668 1127 1701 Advocatum
1155 1668 1334 1701 sentiamus

970 1718 1004 1750 in
1031 1717 1092 1749 Dei
1120 1719 1318 1758 praesentia.

1046 1834 1091 1862 Ad
1113 1834 1297 1871 Magnificat.

847 1916 887 1948 A.
917 1915 1067 1954 Laetare,
1097 1915 1175 1947 urbs
1203 1915 1390 1956 syracusia,

970 1964 1074 1997 Sedes
1094 1968 1280 1997 sanctorum
1296 1967 1496 2009 praesulum,

921 2015 1063 2055 Quorum
1092 2023 1188 2046 sacra
1214 2016 1399 2056 patrocinia

972 2064 1120 2095 'ruentur
1146 2068 1235 2096 tuum
1264 2066 1442 2105 populum,

923 2114 1011 2154 Ergo
1039 2112 1126 2145 beati
1155 2113 1276 2146 Zosimi

974 2163 1072 2200 Laus,
1102 2162 1242 2203 hymnus
1271 2169 1301 2194 et
1330 2163 1473 2197 melodia

921 2212 1007 2246 Oris,
1036 2211 1126 2243 vocis
1152 2216 1184 2243 et
1212 2212 1311 2244 animi

972 2261 1121 2292 Festivet
1150 2262 1229 2293 haec
1257 2261 1439 2297 sollemnia,

1036 2378 1106 2405 Alia
1128 2379 1311 2415 Antiphona.

924 2457 1014 2491 Urbs
1041 2457 1178 2498 insignis
1206 2459 1371 2500 Syracusa

952 2506 1096 2540 vZosimi
1121 2517 1182 2548 per
1208 2508 1337 2549 merita,

1286 2563 1322 2593 13
