1650 2727
690 172 833 208 -19
884 192 930 198 ..-

394 270 448 305 10.
476 270 532 303 Me
557 270 620 303 iam
648 271 834 304 nullatenus
860 281 991 314 possum
1019 275 1140 315 tenere,

473 318 550 352 Cum
578 320 653 352 Iesu
678 321 816 362 parvulo
843 321 917 353 volo
943 321 1096 362 gaudere.

394 407 448 439 11.
476 406 605 447 Venite,
633 415 806 448 pauperes,
835 416 873 438 ac
899 410 1112 444 transeamus,

471 454 567 487 Hunc
593 455 749 487 mundum
777 456 946 488 sordidum
974 457 1037 488 iam
1067 456 1281 490 dimittamus,

388 544 444 576 12.
473 542 523 575 Sit
550 542 609 575 tibi
635 543 752 586 gloria,
780 547 877 585 pater
904 543 1052 586 benigue,

470 591 602 625 Laudes
632 601 691 634 per
715 593 847 625 saecula
872 594 939 625 sint
965 593 1026 625 tibi
1054 593 1162 634 digne.

211 678 336 708 Collect.
367 688 422 707 ms.
449 679 634 708 Sublacense
665 688 743 708 saee-
772 678 847 707 Ηίιῆ.
875 679 949 708 cod.
978 680 1138 708 Sublacen.
1166 681 1384 709 ccnxxxvl.
1415 682 1482 710 add.

131 728 208 748 saec.
240 717 312 747 ¹⁵lio.
342 735 378 739 —
406 720 447 752 R,
479 717 490 745 1
520 720 632 747 territe.
654 734 691 738 —
714 718 748 751 3,
779 719 789 746 l
821 719 908 747 Vaht.
932 735 969 739 —
992 717 1023 751 7,
1053 719 1071 748 2
1098 721 1307 757 pauperculus,
1330 736 1368 740 -—
1391 723 1481 749 Diese

132 758 285 787 Abschrift
305 758 403 786 danke
426 758 474 786 ich
495 758 548 786 der
569 759 647 787 Giite
669 758 720 787 des
743 758 842 786 Herrn
864 760 897 786 P.
919 759 981 787 Leo
1005 759 1120 793 Allodi„
1152 761 1237 787 Prior
1258 769 1316 788 von
1340 761 1481 789 subiace..

130 798 193 826 Das
217 798 308 830 Lied,
338 797 465 826 welches
492 798 646 826 vielleieht
673 800 769 826 einem
792 798 1087 835 Weihnaehtsspiele
1116 804 1324 833 entnommen,
1354 801 1393 827 ist
1422 809 1482 828 von

131 838 256 865 Barhier
277 837 313 864 de
335 838 486 865 Montault
514 838 545 864 in
573 837 626 865 der
646 838 749 866 Revue
778 838 814 865 de
836 838 915 866 l'Art
938 837 1079 866 Chi-etien
1101 839 1129 869 Ι,
1162 837 1216 866 125
1238 848 1282 874 sq.
1305 844 1405 867 zuerst
1427 850 1479 876 pu-

131 876 260 908 bliziert.
276 877 348 904 aber
364 877 417 904 mit
435 879 516 905 einer
532 877 625 905 Reihe
640 886 698 905 von
714 876 850 911 Fehlern‚
867 878 915 905 die
932 878 996 905 hier
1012 879 1209 906 aufzut'iihren
1226 879 1375 906 zwecklos
1393 881 1464 907 wiirr
1478 901 1480 903 ,

569 1010 597 1042 3.
639 1012 674 1043 ln
696 1011 873 1044 Nativitate
898 1012 1030 1044 Domini.

143 1103 174 1137 1.
201 1104 312 1138 Omnis
338 1103 427 1136 orbis
847 1106 878 1138 2.
908 1105 1007 1137 Panis
1034 1106 1126 1137 vivus

251 1161 383 1186 resonet
405 1153 437 1185 in
465 1153 602 1193 cantico,
956 1154 1168 1194 proficiscens
1196 1164 1332 1195 peregre

205 1202 310 1235 Cantu
334 1201 419 1234 caeli
907 1202 980 1236 Non
1007 1204 1155 1236 mortalis

252 1255 405 1284 resonent
430 1251 587 1293 angelico.
957 1252 1028 1285 fieri
1055 1253 1129 1285 tulit
1155 1261 1263 1296 aegre,

200 1301 308 1333 Rosae
335 1300 454 1333 crescit
908 1301 1031 1334 Domus
1058 1303 1160 1335 intrat

249 1350 414 1382 surculum
444 1350 477 1382 in
505 1349 633 1382 Iericho
956 1352 1109 1392 claustra,
1139 1352 1252 1384 domus
1280 1352 1437 1392 integrae.

250 1398 375 1431 Fructu
402 1404 478 1431 nato
504 1399 596 1431 deico
956 1400 1028 1432 Non
1056 1401 1176 1433 amisso
1202 1401 1334 1433 numine

252 1448 391 1480 Lumine
418 1447 554 1480 mirifico
955 1449 1035 1481 Exit
1059 1451 1129 1482 sine
1156 1451 1278 1482 semine

251 1497 373 1529 Venire
401 1497 441 1529 de
467 1497 640 1530 Davidico.
956 1499 1151 1539 Incorrupto
1178 1499 1299 1532 limine.

200 1547 270 1580 Iam
296 1546 427 1588 peperit
452 1546 635 1583 Elisabeth,
909 1547 999 1580 Sicut
1026 1548 1193 1588 praedixit
1220 1548 1367 1587 Gabriel,

201 1596 269 1629 Iam
297 1595 400 1628 filium
426 1601 519 1628 vetus
545 1595 654 1634 habet,
908 1598 978 1629 Iam
1004 1602 1098 1630 natus
1126 1603 1173 1630 est
1201 1598 1406 1634 Emmanuel,

200 1645 263 1687 Qui
286 1645 373 1677 viam
400 1645 483 1678 lucis
507 1650 696 1686 praeparet,
906 1647 974 1678 Iam
1008 1647 1108 1679 colles
1135 1647 1236 1679 fluunt
1266 1654 1317 1680 lac
1343 1653 1375 1680 et
1403 1649 1477 1688 mel,

200 1694 261 1736 Qui
289 1695 460 1727 descendit
486 1694 519 1727 in
547 1694 722 1728 Nazareth.
905 1696 973 1728 Iam
1001 1704 1040 1728 ex
1068 1697 1165 1729 Iacob
1193 1696 1228 1728 fit
1255 1699 1368 1732 Israel.

536 1784 568 1818 3.
597 1783 703 1816 Homo
729 1783 835 1816 laesus

649 1833 777 1873 agmine
804 1833 968 1874 vulnifico,

599 1882 777 1915 Ierusalem

651 1932 853 1966 descendens
876 1933 908 1965 in
938 1931 1076 1973 Iericho,

598 1980 777 2014 Sacerdote

648 2031 740 2072 prius
764 2036 795 2064 et
822 2032 969 2065 Levitico

647 2080 744 2113 Valle
769 2081 880 2114 iacens
907 2081 1051 2122 pubiico,

647 2131 903 2164 Praetermissus
928 2131 1017 2164 illico

647 2179 712 2212 Diu
738 2181 808 2213 sine
835 2181 973 2223 medico,

598 2230 667 2262 Iam
696 2230 895 2263 convalescit
923 2230 1043 2269 alacer,

596 2279 664 2312 Iam
693 2289 756 2312 non
784 2280 869 2312 iacet
894 2279 1078 2316 semilacer,

595 2328 665 2362 Iam
694 2329 784 2361 venit
812 2333 1000 2362 sanctorum
1027 2338 1131 2367 sacer,

595 2378 655 2419 Qui
682 2378 842 2411 latronem
871 2379 983 2410 domat
1009 2387 1094 2411 acer.

195 2467 286 2503 Trop.
309 2475 364 2496 ms·
388 2467 555 2496 Casinense
575 2474 653 2495 saec.
679 2464 722 2494 12.
746 2465 818 2494 Cod.
841 2466 980 2495 Vatican.
997 2466 1103 2496 Urbin.
1129 2464 1195 2493 602.
1217 2480 1254 2484 —-
1280 2464 1303 2496 1,
1329 2464 1362 2493 13
1379 2468 1473 2500 Quem

117 2505 292 2541 deseendit3
311 2507 377 2536 dies
398 2508 504 2536 zweite
525 2507 592 2544 qui
615 2505 848 2542 brachylogisch
869 2506 916 2534 fiir
938 2506 1020 2540 illi,
1044 2508 1117 2542 qui.
1141 2520 1177 2524 —
1200 2503 1227 2537 2,
1249 2504 1266 2533 8
1284 2505 1367 2533 Exiit
1382 2505 1471 2534 homo

114 2548 190 2576 sine.
204 2558 252 2568 -—-
274 2543 302 2583 3,
325 2543 344 2575 2
358 2546 554 2576 Descendens
569 2545 734 2575 Ierusalem
750 2547 790 2573 in.
806 2560 842 2565 —
858 2546 1013 2574 Absehrit't
1027 2554 1086 2573 von
1102 2546 1174 2574 Rev.
1192 2545 1230 2573 H.
1246 2545 1286 2573 M.
1303 2545 1471 2575 Banuister.

1250 2592 1292 2623 2*
