1650 2727
697 141 939 178 —57-

502 241 532 270 ἐξ.
560 239 621 280 Qui
649 243 744 272 natus
771 240 812 272 de
840 239 945 273 sterili

559 287 615 320 Fit.
640 297 835 330 praecursor
862 288 1002 325 Domini,

617 337 724 377 Signis
752 342 784 370 et
811 337 986 371 virtutibus

616 385 748 418 Effulsit
775 386 807 418 in
834 386 996 427 plebibus.

618 444 671 477 R⁰
691 445 813 486 Ipsum,
842 445 946 485 ipsum
975 445 1089 477 mirum

692 493 814 535 Virum,
841 495 958 526 mirum
983 494 1100 526 vii-unu

736 543 826 583 Ergo
853 543 1085 575 collaudemus*

209 611 299 646 Trop.
323 619 375 638 ms.
398 610 593 638 Martialense
616 618 692 637 saec.
717 609 791 637 ¹¹l12.
817 611 887 639 Cod.
909 610 1040 638 Parisin.
1067 609 1147 638 1139.
1175 626 1207 629 -

543 745 809 792 Cantiones
841 745 1066 791 Moralem

635 863 683 893 ³54.
727 863 822 895 Pater
846 862 969 894 Noster.

849 937 880 967 5¹».
909 937 1029 969 Panem
1057 942 1202 968 nostrum
1230 935 1326 967 hodie

908 986 1117 1018 Cotidianam
1144 984 1285 1025 praebe;

143 940 174 970 1.
205 937 312 975 Pater,
338 936 386 968 tui
413 945 534 976 sumus,

200 985 258 1018 Cui
286 989 317 1017 et
344 986 411 1025 poli
440 985 549 1024 sidus;

199 1034 374 1067 Sanctifica
400 1035 499 1066 laude
907 1034 949 1066 Et
979 1034 1106 1066 dimitte
1130 1034 1203 1074 pius

198 1083 325 1116 Nomen
352 1087 441 1116 tuum
470 1083 569 1117 clare.

198 1143 361 1175 Adveniat
389 1151 534 1182 regnum,

198 1192 291 1231 Quod
320 1196 367 1223 est
396 1191 648 1232 sempitemum:

198 1240 273 1273 Fiat
301 1240 470 1273 voluntare

196 1290 285 1322 Sicut
313 1289 379 1330 poli
408 1296 525 1323 terrae.

137 1145 170 1177 ,ΚΟ

906 1083 997 1116 Sicut
1025 1088 1133 1115 terrae
1160 1083 1299 1123 pondus.

844 1144 875 1176 4.
905 1141 1025 1174 Libera
1052 1151 1109 1174 nos
1138 1148 1225 1174 recte

904 1191 956 1224 Ab
984 1191 1118 1232 antiqua
1146 1189 1273 1234 fraude,

903 1240 1037 1272 Maneat
1064 1245 1228 1281 tutamen;

902 1290 990 1331 Fiat,
1018 1288 1085 1322 fiat.
1136 1290 1252 1324 Amen.

199 1357 287 1395 Trop.
311 1367 364 1385 ms.
386 1357 581 1385 Martialenffl¹
605 1367 680 1385 saec.
706 1356 749 1385 12.
770 1356 827 1390 (13.
852 1356 906 1390 14.)
928 1358 998 1385 Cod.
1021 1358 1152 1385 Parisin.
1172 1356 1257 1385 11:19.
1278 1373 1312 1377 ——
1338 1358 1359 1389 1,
1383 1357 1400 1386 2
1417 1360 1474 1395 Qui

122 1400 152 1426 et
171 1397 242 1434 poli.

613 1453 660 1483 85.
706 1452 746 1484 De
770 1451 986 1484 Paenitentia.

134 1517 166 1551 1.
195 1516 303 1556 Quare
330 1525 394 1548 nou
421 1525 530 1548 cessas
557 1516 679 1556 vivere,

194 1565 219 1599 O
247 1565 345 1597 miser
371 1565 476 1606 homo,
506 1565 648 1597 misere?

246 1615 314 1647 Cur
337 1615 506 1647 moriendo
534 1614 650 1646 vivitas

241 1664 286 1696 Et
313 1673 414 1705 quare
441 1667 474 1696 te
500 1673 564 1696 uon
591 1663 716 1696 excitas

190 1715 220 1746 A
248 1723 360 1746 somno
387 1714 501 1746 mortis
529 1712 692 1746 miserae?

191 1783 319 1816 Clamat
345 1783 387 1815 ad
416 1788 447 1814 te
475 1783 597 1814 cotidie

191 1833 269 1866 Pius
296 1832 434 1873 largitor
460 1832 594 1864 veniae:

237 1881 427 1918 Sunamitis.
456 1886 634 1919 revertere,

238 1931 264 1964 Ο
291 1926 454 1977 miser[a],
483 1931 641 1971 egredere

237 1980 287 2014 De
312 1979 494 2022 Babylonis
521 1990 663 2014 carcere.

187 2051 272 2084 Dum
300 2050 399 2083 modo
426 2049 631 2093 possibilitas

184 2100 293 2133 Adest
318 2104 352 2132 et
378 2101 621 2143 opportunitas,

236 2150 303 2183 Cur
321 2148 433 2183 differs
449 2151 562 2191 culpas
577 2149 762 2192 plangere?

189 2201 255 2232 (fur
279 2201 314 2232 in
340 2198 511 2233 obscaenis
539 2199 678 2239 habitas,

185 2251 251 2283 Cur
275 2251 310 2282 in
337 2250 491 2290 sepulcro
517 2249 629 2282 latitas

236 2299 414 2332 Perversae
441 2297 686 2331 conscientiae?

184 2348 250 2382 Cur
274 2348 415 2381 iudicem
443 2357 508 2381 non
537 2347 680 2388 dubitas,

183 2397 251 2432 Cur
275 2401 310 2430 te
337 2397 500 2430 demulcet
526 2396 671 2431 foeditas

231 2447 344 2480 Luxus
371 2452 403 2479 et
429 2444 685 2480 immunditiae?

840 1517 874 1548 2.
902 1517 967 1549 Cur
993 1516 1033 1547 de
1058 1521 1091 1547 te
1117 1517 1372 1549 noudcliberas

901 1565 945 1597 Et
971 1574 1071 1605 quare
1098 1569 1129 1596 te
1153 1575 1215 1597 non
1242 1566 1377 1602 liberas,

951 1614 1063 1651 Miser,
1093 1624 1109 1645 a
1139 1620 1242 1646 morte
1270 1616 1387 1648 misera
1404 1619 1418 1647 ζ’

952 1663 1034 1696 Dum
1064 1664 1157 1702 vivis,
1187 1674 1273 1696 nune
1298 1666 1448 1699 accelera

951 1712 1069 1745 Delere
1095 1714 1160 1746 cito
1187 1714 1313 1746 seelera

899 1802 968 1834 Nec
995 1802 1163 1843 paenitere
1190 1802 1334 1848 differaS‚

901 1852 951 1884 Ne
977 1848 1099 1892 poen‘as
1128 1852 1241 1884 mortis
1269 1851 1418 1893 perferas

951 1901 1034 1938 Illic,
1060 1900 1114 1934 ubi
1143 1907 1189 1933 est
1219 1911 1304 1934 mors
1332 1903 1447 1936 altera.

948 2025 1449 2035 .........

898 2049 983 2082 Dum
1011 2053 1134 2082 tractas
1163 2051 1202 2082 «ie
1229 2050 1350 2082 iudicio

898 2099 1008 2131 Finali
1034 2100 1083 2131 vel
1111 2100 1285 2141 supplicio.

947 2150 1014 2181 Cur
1039 2149 1071 2181 in
1100 2152 1132 2180 te
1159 2153 1251 2181 tanta
1278 2150 1445 2182 caecitas?

899 2199 935 2230 ln
963 2208 1026 2238 quo
1054 2199 1209 2231 dormitat
1238 2200 1334 2239 ratio,

897 2247 962 2280 Cur
988 2256 1119 2288 semper
1145 2257 1242 2281 vacas
1269 2248 1359 2280 otio?

946 2296 1059 2335 Surge,
1088 2306 1128 2330 ne
1156 2307 1276 2339 poenas
1305 2298 1430 2330 debitas

896 2346 975 2379 Cum
1004 2348 1166 2379 damnatis
1192 2349 1353 2379 sustineas

895 2395 937 2428 Et
960 2395 993 2427 in
1020 2395 1182 2429 infernum
1211 2405 1337 2436 pereas,

944 2444 1008 2478 Ubi
1036 2445 1127 2478 nulla
1154 2446 1348 2486 redemptio.

186 2515 312 2546 Collect.
341 2523 394 2543 ms.
425 2515 457 2545 S.
478 2516 623 2545 Germani
644 2512 871 2543 Autisiodoren.
902 2521 980 2541 naec.
1009 2511 1052 2543 15.
1076 2513 1147 2542 Cod.
1176 2513 1400 2542 Autisiodoren.
1422 2511 1471 2543 23.

1248 2560 1290 2590 5*
