1650 2727
724 187 963 223 -36-

566 311 614 343 35.
656 311 688 343 ln
712 310 954 344 Circumcisiouo
975 309 1108 343 Domini.

183 403 213 435 1.
243 402 327 434 Tuta
353 402 440 434 canit
467 402 607 435 Michael
883 405 914 437 3.
943 402 1064 436 Nostra
1089 401 1182 434 nobis
1209 401 1361 433 redditur

293 450 431 492 Gaudia,
990 450 1113 490 Patria,

240 500 345 533 Natus
372 505 420 531 est
446 510 504 532 rex
530 501 653 538 Israe13
941 501 980 533 In
1006 511 1068 542 qua
1096 495 1206 542 [bene]
1235 497 1375 535 vivitur;

287 550 359 585 Eia,
388 549 448 588 eia,
473 580 475 582 ,
991 549 1064 591 Eia,
1091 548 1152 587 eia,

239 599 326 630 Anni
353 598 428 630 novi
942 599 1028 630 Anni
1055 597 1130 630 novi

238 647 332 679 Nova
358 647 432 679 novi
943 647 1035 679 Nova
1061 645 1136 678 novi

287 695 425 728 Gaudia.
990 694 1129 728 Gaudia.

178 795 209 827 2.
239 794 275 825 In
304 792 440 825 excelsis
468 793 596 824 canitur
881 795 912 825 4.
941 792 1131 824 Devitemus
1156 791 1256 831 igitur

287 842 410 878 Gloria,
988 842 1087 880 Vitia,

238 891 349 922 Terris
377 899 441 929 pax
471 890 647 931 indicitur3
942 891 1005 922 Per
1030 897 1113 930 quae
1134 888 1237 920 virtus
1263 887 1421 928 moritur3

286 940 357 972 Eia.
386 939 446 975 eia„
989 938 1061 977 Eia,
1089 937 1149 976 eia,

236 989 322 1021 Anni
348 988 423 1019 novi
941 987 1029 1018 Anni
1053 985 1130 1018 novi

236 1036 330 1068 Nova
358 1036 431 1068 novi
941 1035 1035 1067 Nova
1061 1034 1135 1067 novi

287 1085 426 1117 Gaudia.
990 1083 1128 1117 Gaudia.

622 1175 653 1204 ι’).
682 1172 746 1205 Sua
773 1177 906 1213 spargat
933 1173 1068 1204 castitas

730 1221 825 1263 Lilia,

680 1270 814 1310 Peperit
840 1270 1030 1310 virginitas;

727 1319 799 1357 Eia,
828 1319 887 1360 eia⁷

679 1369 767 1400 Anni
794 1368 869 1400 novi

679 1417 770 1449 Nova
796 1417 870 1448 novi

730 1465 869 1498 Gaudia.

242 1553 364 1580 Collect.
387 1561 440 1578 ins.
462 1550 586 1578 Maioris
613 1553 789 1579 Monasterii
814 1562 892 1580 saec.
916 1550 991 1580 ¹³'14.
1013 1552 1085 1580 Cod.
1107 1552 1256 1578 Turonen.
1279 1548 1336 1578 615
1357 1547 1444 1583 (92]).
1467 1564 1505 1568 -

160 1592 194 1622 4,
225 1592 242 1619 3
265 1593 321 1618 Per
344 1600 440 1627 quem.
463 1606 498 1608 —
522 1591 583 1617 Ans
605 1591 703 1618 dieser
724 1592 778 1619 Hs.
801 1592 877 1619 auch
900 1592 1078 1622 Luzarchesq
1093 1590 1184 1618 Office
1206 1590 1241 1617 de
1267 1589 1394 1626 Pstques,
1418 1599 1444 1625 p.
1467 1587 1507 1616 52

161 1641 188 1658 11.
217 1632 252 1663 51,
280 1633 333 1658 mit
361 1630 519 1665 folgenden
546 1630 686 1657 Felileru:
712 1630 742 1663 1,
774 1630 786 1658 1
810 1632 899 1659 Certa
928 1632 1022 1663 canit3
1052 1632 1083 1657 in
1108 1629 1159 1656 der
1180 1628 1234 1656 Hs.
1257 1629 1335 1656 steht
1358 1633 1429 1661 uta,
1459 1628 1507 1656 die

161 1670 283 1698 Initiale
309 1670 390 1697 fehlt.
417 1685 451 1688 —
475 1670 536 1696 Der
558 1670 680 1696 Refrain
703 1671 741 1697 ist
763 1670 845 1697 nicht
866 1670 1051 1698 wieder-holt.

645 1804 691 1834 36.
734 1804 775 1835 De
798 1803 922 1835 Nomine
945 1804 1027 1835 Iesu.

176 1898 206 1930 1.
235 1897 335 1930 Cordi
363 1896 443 1927 nihil
470 1895 625 1933 vivacius,
877 1899 908 1930 4.
937 1895 998 1927 Est
1026 1903 1139 1927 nomen
1167 1898 1457 1934 tetragrammaton

234 1946 317 1977 Auri
345 1945 389 1977 nil
418 1944 611 1983 tinnibilius‚
939 1946 1091 1977 Sanctum
1119 1947 1149 1974 et
1176 1942 1351 1983 ineffabile,

235 1994 291 2027 Ori
319 1995 364 2026 nil
392 1993 479 2032 sapit
505 1994 638 2034 gratius,
938 1993 1006 2024 Nec
1034 1992 1098 2024 dici
1126 1990 1175 2023 fas
1202 1996 1388 2024 automaton

233 2043 333 2082 Quam
362 2042 451 2074 Iesus
480 2041 540 2073 Dei
567 2042 663 2075 filius,
938 2041 1062 2073 Nomen
1085 2040 1145 2072 hoc
1171 2040 1377 2073 admirabile.

172 2144 204 2175 2.
231 2142 295 2183 En,
323 2149 473 2179 magnum
500 2148 616 2171 nomen
643 2139 783 2178 Domini,
875 2143 906 2172 5.
935 2139 995 2171 Est
1022 2139 1127 2170 oleum
1155 2138 1385 2179 languentibus

234 2191 304 2230 Quo
331 2189 423 2221 cordi
451 2188 530 2219 nihil
558 2188 720 2227 mundius,
935 2188 1039 2219 Huius
1067 2186 1206 2219 dulcedo
1233 2187 1384 2225 nominis,

232 2242 302 2278 Quo
329 2239 396 2271 solo
423 2237 510 2269 salus
537 2237 668 2277 homini,
934 2236 1178 2277 Magnificatum
1205 2237 1368 2276 gentibus.

232 2288 338 2321 Menti
366 2286 446 2319 nihil
473 2286 655 2319 iucundius,
933 2285 1020 2317 Hinc
1045 2288 1114 2317 tota
1139 2284 1226 2316 salus
1253 2285 1405 2320 hominis.

171 2388 204 2421 3.
232 2387 293 2419 Est
320 2384 421 2417 iubilo
448 2383 681 2423 plenissimum,
874 2384 906 2416 6.
933 2382 1005 2414 Hoc
1031 2389 1147 2414 nomeu
1175 2382 1369 2417 admirabile

233 2436 294 2469 Est
320 2435 368 2467 ori
392 2441 490 2472 sapor
517 2432 662 2471 melleus,
934 2432 997 2464 Est
1023 2433 1134 2464 datum
1162 2431 1294 2465 Christo
1322 2434 1456 2477 homini,

233 2485 317 2518 Auri
345 2482 445 2515 melos
473 2481 706 2520 dulcissimum,
935 2481 1036 2513 Omne
1063 2488 1147 2522 genu
1175 2481 1342 2515 curvabile

232 2534 364 2567 Rancor
389 2540 452 2572 quo
478 2530 563 2571 perit
592 2529 718 2563 felleus,
933 2529 996 2562 Est
1020 2529 1096 2562 huic
1123 2533 1235 2562 sancto
1262 2532 1396 2567 nomini.
