1650 2727
721 154 768 158 —
818 134 864 169 δυ
918 155 960 160 -

448 231 541 264 Haec
566 236 617 264 est
638 233 847 273 triumphalis
873 233 977 265 funda
1004 233 1175 272 Davidica‚

498 279 561 312 Per
587 290 682 321 quam
709 280 822 314 Golias
851 281 961 315 debuit
988 283 1079 322 gigas
1106 281 1283 316 humiliari.

447 329 538 361 Haec
564 335 614 361 est
640 329 736 362 stella
761 331 844 362 lucis
871 340 910 363 ex
938 331 1036 362 Iacob
1063 334 1145 373 orta,

447 378 538 410 Haec
564 382 613 410 est
639 379 822 412 Salomonis
849 379 1106 416 reclinatorium

448 426 562 459 Tutius
590 428 747 460 trinitatis
775 428 1011 468 consistorium,

449 476 539 508 Haec
565 480 612 507 est
640 476 877 516 proselytarum
907 475 1107 514 divisorium‚

449 524 516 557 Soli
545 524 614 556 Deo
641 525 822 557 transibilis
848 525 1032 557 Ezechielis
1059 528 1164 565 porta.

391 623 424 656 3.
452 621 547 660 Vide,
575 627 695 662 quanta
722 622 783 654 Dei
809 624 851 654 sit
878 623 1055 664 humilitas,

451 670 543 710 Quod
570 671 637 702 eius
665 680 739 703 caro
766 670 853 703 facta
880 675 928 703 est
954 671 1147 709 sublimitas,

449 719 728 752 Immensurabilis
755 724 802 751 est
828 721 907 752 haec
933 720 1108 758 stabilitas,

496 769 525 801 A
552 768 645 800 nobis
671 770 788 800 mentis
810 769 912 800 oculis
939 778 1002 800 nou
1028 772 1136 809 potest
1163 768 1280 803 videri.

448 817 570 848 Divina
596 815 675 848 fecit
700 817 764 848 ista
789 817 968 856 miseratio,

449 865 541 904 Quod
569 866 765 906 protoplasti
792 866 936 897 cernitur
963 866 1112 906 salvatio,

448 914 548 953 Quem
576 914 713 946 noxialis
740 914 828 953 pomi
855 914 1036 946 masticatio

496 961 597 994 Morti
626 963 728 1001 dedit,
756 963 841 994 hunc
868 963 1007 995 redemit
1034 967 1127 995 natus
1153 962 1215 995 Dei
1242 962 1323 996 veri.

448 1011 499 1043 Ex
524 1011 649 1051 virgine
676 1020 734 1043 rex
761 1012 850 1043 nasci
877 1011 1085 1051 dignabatur,

451 1060 540 1091 Haec
567 1064 615 1090 est
643 1068 746 1092 mater
772 1065 884 1092 nostra
910 1061 1090 1101 verissima,

447 1109 551 1147 Virgo
577 1113 608 1139 et
636 1114 740 1140 mater
765 1109 834 1141 Deo
863 1109 1085 1146 dilectissima,

451 1158 611 1190 Succurre
637 1158 740 1198 nobiS‚
769 1167 974 1198 quaesumus,
1000 1159 1157 1198 piissima,

448 1205 532 1238 Nam
558 1215 618 1246 per
642 1211 674 1238 te
700 1215 800 1247 genus
823 1207 987 1239 hominum
1013 1212 1174 1248 perpetuo
1199 1207 1359 1240 salvatur.

243 1293 366 1320 collect.
400 1302 454 1319 ms.
478 1292 660 1320 Stiriacense
690 1301 767 1320 saec.
799 1292 842 1320 15.
865 1293 935 1321 Cod.
959 1294 1116 1322 Stiriacen.
1139 1294 1164 1321 L
1191 1291 1228 1321 26
1254 1291 1291 1331 [s.
1319 1291 1360 1330 ιι]
1380 1308 1421 1313 -
1441 1291 1470 1329 2,
1491 1291 1510 1321 2

163 1331 317 1359 Virclitur.
339 1347 377 1350 —
401 1330 428 1364 2,
452 1331 469 1358 5
491 1332 575 1368 petri.

619 1447 665 1477 74.
707 1445 749 1477 De
771 1447 871 1478 Beata
894 1446 996 1478 Maria
1018 1448 1054 1479 V.

391 1548 422 1580 1.
449 1548 545 1580 Alma
574 1553 687 1580 mater.
715 1557 840 1588 gemma
868 1548 1071 1590 principalis,

496 1596 542 1628 Te
568 1602 724 1636 perornat
751 1598 831 1629 mira
859 1598 1004 1638 castitas,

447 1645 490 1677 Et
519 1645 681 1677 collaudat
710 1645 803 1686 plebs
829 1647 1034 1686 universalis,

495 1695 597 1734 Quam
626 1696 715 1735 pavit
743 1698 798 1726 tua
826 1694 1021 1738 fecunditas,

445 1742 531 1774 Dum
560 1752 618 1782 per
643 1751 753 1776 aurem
782 1743 885 1776 Deum
914 1746 1091 1785 concepisti

446 1792 489 1823 Et
514 1791 584 1823 sine
611 1793 722 1825 dolore
751 1794 908 1833 peperisti

447 1841 490 1872 Et
518 1845 591 1881 post
618 1848 746 1882 partum
775 1843 865 1883 virgo
892 1845 1113 1884 permansisti.

390 1939 422 1971 2.
451 1939 545 1971 Hunc
572 1944 700 1979 partum
727 1940 896 1980 legislator
921 1941 1153 1982 praesignavit,

497 1988 582 2020 Dum
609 1989 708 2021 rubus
735 1989 856 2021 ardens
879 1990 1060 2029 incanduit,

445 2036 599 2068 Ezechiel
627 2043 755 2078 portam
783 2038 925 2070 clausam
952 2039 1157 2078 monstravit,

497 2087 533 2118 ln
561 2090 593 2117 te
620 2087 711 2127 virga
739 2087 827 2119 Iesse
854 2086 974 2120 floruit.

446 2134 610 2167 Gedeonis
637 2145 698 2175 per
723 2139 755 2167 te
782 2137 885 2168 vellus
912 2137 1049 2177 rigatur,

446 2185 534 2215 Area
559 2183 687 2216 telluris
712 2184 884 2225 solidatur,

446 2231 550 2264 Filius
576 2232 639 2264 Dei
664 2233 711 2264 sic
735 2233 940 2266 humanatur.

390 2331 420 2364 3.
449 2330 529 2363 Cum
557 2330 601 2362 sis
628 2331 731 2363 nostri
757 2331 927 2372 utriusque
953 2334 1067 2370 mater,

495 2379 619 2412 Summi
644 2381 731 2421 regis
755 2389 795 2412 ac
819 2380 905 2421 lapsi
932 2379 1082 2422 hominis,

445 2427 499 2460 Nil
528 2428 676 2468 negando
702 2431 734 2460 te
761 2429 898 2462 honorat
925 2432 1020 2469 pater

493 2475 542 2510 Ob
569 2477 722 2509 virtutem
748 2478 795 2509 tui
822 2477 970 2510 nominis.
