1650 2727
684 160 948 196 ,146-

199 256 262 291 8a.
289 255 388 299 Signo
414 255 487 290 fons
512 256 703 292 indeficiens

193 399 255 432 9a.

171 780 253 813 loa.

174 1015 257 1047 lla.

177 1388 259 1419 132.

179 1524 261 1555 14³.

183 1662 224 1692 15
237 1669 265 1691 a.

181 1797 263 1829 162.

181 2031 264 2064 172.

180 2170 262 2202 183.

162 2361 265 2396 193.

338 306 489 347 Signatus
513 309 617 340 sancti
636 308 784 352 spiritus,

282 398 372 431 Audi
399 408 468 439 nos,

281 447 360 491 Dos,

281 496 423 529 Honoris
451 502 482 529 et
508 496 578 537 flos,

281 546 371 578 Inter
396 545 511 578 florum

330 601 359 626 et
387 604 532 628 rosarum
561 596 654 628 milia

283 643 330 675 Tu
357 644 530 684 primatum

330 693 416 724 solus
443 693 600 732 possides.

283 780 330 812 Tu
358 790 392 812 es
421 781 549 812 virtutis

330 829 397 861 Nos
424 830 556 861 trahens
580 830 775 869 exemplum,

281 878 317 909 In
345 878 476 909 odorem

378 931 452 966 post
479 931 510 957 te
537 927 706 958 currimus

287 1013 383 1046 Cuius
411 1014 482 1046 dira
508 1014 665 1055 nequitia,

330 1063 445 1094 Fallax
474 1069 505 1094 et
532 1063 686 1105 infidelis,

282 1111 415 1142 seduxit
444 1121 501 1144 nos
528 1113 569 1143 ad
599 1113 677 1143 vitia

332 1161 567 1200 Deceptionum
594 1162 681 1201 telis,

254 1275 259 1281 .
288 1249 313 1280 Ο
340 1249 426 1280 salus
453 1248 627 1289 hominurn,

339 1298 462 1330 Curans
489 1307 546 1329 nos
574 1297 717 1340 dextera,

288 1385 337 1417 Tu
363 1385 461 1417 rubus
484 1386 603 1417 ardens
624 1385 782 1428 crederis,

339 1434 388 1466 'su
413 1434 516 1465 vellus
544 1433 718 1471 Gedeonis‚

290 1521 338 1553 'l'u
366 1521 446 1552 caeli
473 1522 703 1562 sanctuarium,

340 1571 388 1602 Tu
415 1570 515 1602 clavis
542 1571 699 1610 paradisi,

294 1658 434 1690 Excelsa
462 1667 559 1698 super
585 1658 706 1699 sidera,

341 1707 414 1739 'sibi
443 1708 528 1738 cedit
554 1712 682 1747 natura,

290 1795 339 1827 Tu
369 1795 475 1827 Iudith
503 1794 608 1834 fortis,

291 1844 410 1876 Hester
436 1844 548 1875 mortis

339 1894 375 1925 In
403 1898 499 1934 caput
526 1893 717 1924 sententiam

391 1942 456 1974 Con
463 1946 589 1973 vertens
600 1942 727 1973 Haman
738 1941 845 1983 pravi,

293 2029 318 2062 Ο
345 2033 457 2062 saneta
483 2029 623 2071 domina,

341 2079 515 2111 I’recarnur
538 2078 647 2110 miseri
663 2087 669 2110 :

290 2167 377 2200 Nato
403 2166 592 2199 commenda

290 2217 334 2250 Et
360 2216 497 2249 emenda

340 2265 407 2298 Nos
434 2264 579 2306 consilio,

293 2358 323 2391 A
349 2357 445 2390 malis
472 2365 559 2396 erue,

291 2408 444 2441 Adversa
469 2406 611 2441 destrue.

291 2456 417 2490 Statum
442 2456 599 2488 innocuae

294 2506 386 2539 Vitae
413 2505 558 2539 restitue.

905 261 925 294 8
938 259 969 291 b.
998 258 1190 292 Reduudari
1216 257 1385 293 sufficiens

1041 307 1167 341 Mundo
1196 306 1319 342 fluenta
1345 307 1492 343 caelitus.

899 400 962 434 9b.
992 400 1090 433 Vitae
1116 409 1194 440 pax,

874 782 916 814 10
930 780 959 813 b.

876 1015 962 1048 11b.

876 1251 918 1283 12
932 1249 963 1282 b.

876 1385 963 1419 1312.

879 1521 964 1556 14b.

882 1658 969 1693 15b.

878 1795 964 1829 16b.

879 2030 963 2063 17b.

878 2168 920 2200 18
934 2167 965 2200 b.

879 2356 966 2391 19b.

991 447 1062 482 Fax

990 498 1121 530 Amoris
1148 507 1262 537 verax,

987 547 1076 587 Quae
1103 547 1267 579 caelorum

1039 605 1158 637 regem,
1186 596 1254 628 nati
1280 594 1359 639 filia,

990 643 1094 677 Nobis
1121 645 1248 686 placas,

1040 694 1092 725 cui
1119 703 1205 726 nunc
1231 693 1368 728 assides,

988 781 1024 813 In
1052 790 1111 821 spe
1136 781 1253 813 salutis

1037 830 1092 862 Ad
1117 833 1168 869 te,
1199 829 1290 870 pacis
1317 829 1488 870 templum,

989 877 1179 910 Trementes
1205 878 1247 910 ab

1086 927 1179 958 hoste
1204 925 1355 968 fugimus.

990 1013 1035 1046 Ut
1062 1014 1193 1046 tandem
1221 1013 1264 1045 ad
1289 1013 1451 1054 supplicia

1039 1063 1153 1096 Secum
1191 1062 1300 1094 trahat
1331 1062 1485 1102 crudelis,

990 1112 1042 1144 Ab
1070 1112 1138 1143 eius
1165 1121 1222 1143 nos
1248 1112 1385 1143 saevitia

1039 1160 1176 1200 Semper
1202 1160 1285 1192 tueri
1313 1160 1405 1192 velis.

991 1249 1016 1281 O
1043 1249 1152 1280 lumen
1179 1249 1346 1291 luminum,

1039 1298 1214 1331 Illustrans
1241 1298 1390 1330 aethera!

991 1385 1041 1417 Tu
1065 1394 1159 1417 arcus
1186 1385 1272 1417 sacri
1299 1385 1452 1426 foederis,

1044 1434 1094 1466 Tu
1118 1433 1254 1466 thronus
1281 1434 1474 1469 Salomonis,

993 1522 1094 1554 Verbi
1122 1521 1182 1553 Dei
1210 1523 1387 1554 sacrarium

1041 1572 1070 1603 A
1098 1575 1191 1610 patre
1217 1571 1360 1604 indivisi.

997 1658 1080 1691 Nam
1108 1663 1140 1690 te
1168 1660 1321 1692 virtutum
1349 1668 1450 1700 opera

1046 1709 1259 1749 Praesignant
1274 1709 1306 1742 iu
1317 1709 1494 1749 scriptura.

992 1796 1041 1828 Tu
1070 1796 1256 1834 Suu-amitis,

993 1845 1061 1878 Ioel
1089 1846 1175 1884 vitis,

1045 1895 1164 1927 Sisaris
1190 1896 1371 1935 potentiam

1094 1943 1253 1976 Refutans
1279 1945 1347 1977 ictu
1374 1944 1473 1979 clavi.

993 2030 1042 2063 Tu
1069 2035 1181 2064 nostra
1208 2033 1338 2064 nomina

1043 2080 1111 2112 Fac
1138 2081 1237 2113 caelis
1261 2080 1372 2116 inseri.

991 2167 1030 2200 In
1059 2167 1120 2200 hoc
1151 2169 1288 2210 dignare

993 2216 1185 2250 Gubernare

1041 2265 1110 2297 Nos
1137 2266 1283 2303 exscilio,

994 2356 1134 2390 Reatum
1161 2358 1263 2400 dilue,

995 2406 1142 2439 Salutem
1167 2407 1287 2451 tribue,

995 2455 1090 2489 Stoia
1115 2461 1294 2498 perpetuae

995 2505 1090 2538 Pacis
1117 2515 1175 2538 nos
1200 2506 1312 2543 indue.
