1650 2727
701 158 967 194 —170-

238 260 468 298 Angustaeque
495 256 566 289 viae

289 305 431 347 praesul,
451 315 514 346 qua
530 305 636 338 tendis
651 305 682 337 in
697 305 822 346 aethra,

239 358 303 390 Pro
330 353 422 387 nobis
449 354 622 386 Dominum

289 403 418 436 famulis
442 408 533 435 orate
559 402 714 438 subactis.

206 540 212 546 .
241 512 379 545 Domine
406 510 557 542 vulnifice

291 559 414 594 Christi
441 559 595 598 testisque
620 559 764 597 laudate,

239 612 394 643 Assertor
420 606 497 639 fidei

289 665 386 690 verae
417 656 547 696 praesul
576 663 607 687 et
634 655 809 697 luculente,

240 709 418 747 Impetrate
445 705 533 744 gregi

290 755 415 787 veniam
444 753 592 792 vitaeque
619 761 782 786 coronam.

185 867 213 896 ².
241 860 401 902 Martyris
429 859 538 891 eximii

290 908 547 947 confessorisque
577 906 706 945 benigni

240 961 397 999 Impetret
424 961 545 993 oratus,

288 1007 374 1047 quod
386 1010 495 1036 nostra
509 1014 569 1035 non
582 1011 677 1043 prece
687 1003 824 1043 quimus,

303 1173 361 1204 Ad
397 1169 668 1202 Matutinum.

378 1257 599 1284 Invitatorium.

241 1355 399 1389 Thesauri
426 1354 511 1385 sacri

291 1405 418 1436 celebre
445 1401 563 1433 festum
588 1402 769 1433 recolentes

243 1456 421 1486 Aeternum
450 1451 595 1482 columen

292 1500 437 1543 speciosa
464 1508 541 1531 voce
569 1508 731 1531 canamus,

305 1658 349 1689 In
380 1655 411 1688 1.
440 1654 675 1686 Nocturno.

393 1741 591 1777 Antiphonae.

209 1871 215 1877 .
244 1842 359 1875 Orbita
385 1840 500 1872 solaris

294 1889 413 1930 satagit
439 1898 496 1921 nos
524 1887 607 1920 festa
633 1896 754 1920 novare

244 1938 398 1980 Corporis
425 1938 549 1969 inventi

289 1986 444 2027 Quintini,
474 1986 627 2026 martyris
653 1985 741 2018 almi.

209 2123 216 2129 .
247 2095 347 2128 Cuius
374 2098 485 2125 sancta
512 2094 582 2126 Deo

293 2143 373 2175 texit
403 2147 553 2174 servante
580 2146 724 2173 vetustas

243 2192 393 2226 Membra
419 2190 615 2223 trecentenis

293 2241 387 2274 annis
413 2244 443 2272 et
471 2239 611 2280 quinque
640 2238 765 2279 viginti.

185 2372 217 2384 ..
245 2349 343 2382 Cuius
370 2347 545 2390 praesidiis

294 2398 398 2430 virtus
425 2395 580 2428 rutilabat
608 2395 724 2437 opimis

243 2447 468 2488 Languentum
499 2444 652 2477 membris

291 2495 412 2529 infesta
437 2500 529 2536 peste
555 2494 709 2535 gravatis.

999 259 1046 291 In
1074 261 1107 292 2.
1134 258 1370 293 Nocturno.

1090 336 1160 363 Anti
1165 335 1292 371 phonae.

885 426 914 458 1.
943 425 1081 464 Quidam
1107 424 1284 463 Martium,

992 474 1078 514 regis
1108 476 1222 504 cantor
1249 471 1396 509 vitiosus,

943 521 1068 563 Corpus
1095 526 1264 553 nacturum

993 570 1135 602 iactabat
1164 579 1197 601 se
1226 568 1296 600 fore
1322 571 1482 600 sanetum.

883 659 914 690 2.
941 658 1002 698 Qui
1028 656 1293 698 praesumptivae

992 706 1108 738 mentis
1135 705 1300 737 molimine
1328 701 1482 749 [pravae]

943 754 1146 796 Aggreditur
1171 758 1317 785 sanctam

996 803 1111 834 cumbo
1140 802 1297 834 divellere
1324 807 1456 836 terram.

909 919 914 923 .
943 889 1053 922 Slivae
1076 897 1214 929 moxque
1240 898 1354 921 manus

992 938 1060 970 eius
1087 938 1221 969 haesere
1247 937 1379 978 ligonis,

942 985 1042 1019 Plebs
1068 990 1188 1027 stupet,
1217 986 1340 1028 haeret,
1368 985 1478 1026 hebet⁷

993 1033 1125 1076 refugit,
1161 1034 1299 1066 miratur
1334 1038 1366 1066 et
1392 1035 1517 1067 horret.

883 891 902 922 02

1005 1172 1050 1203 In
1079 1174 1110 1205 53,
1139 1171 1381 1204 Nocturno.

1095 1247 1295 1283 Antiphonae.

887 1338 919 1371 1,
947 1336 1122 1368 Vermibus
1149 1336 1278 1375 ephesis

996 1384 1145 1416 manibus
1172 1384 1372 1416 stillantibus
1400 1385 1469 1416 eius

949 1433 1067 1466 Amisit
1093 1434 1193 1465 vitam

992 1481 1102 1514 divino
1131 1481 1265 1513 verbere
1292 1482 1422 1514 laesam.

884 1570 918 1602 2.
945 1569 1018 1602 Hoc
1045 1568 1152 1609 gentis
1179 1572 1310 1600 nostrae

993 1617 1084 1657 signo
1112 1616 1262 1648 radiante
1289 1626 1347 1658 per
1373 1627 1468 1649 auras

944 1665 1051 1698 Multo
1077 1664 1267 1705 magnificus

995 1714 1120 1746 ditatur
1145 1723 1278 1746 munere
1301 1719 1442 1748 sanctus

888 1803 920 1835 3.
948 1801 1107 1842 Martyris
1135 1800 1176 1832 ob
1204 1801 1354 1833 meritum

998 1850 1147 1882 mirabile
1174 1850 1335 1890 praesulis
1362 1855 1471 1895 atque,

950 1898 1167 1931 Harmonicas
1193 1908 1329 1939 quorum

1001 1948 1099 1988 digne
1125 1947 1341 1987 persolvimus
1367 1949 1459 1991 odas,

950 1996 1091 2035 Quorum
1119 1995 1274 2028 subsidiis

997 2053 1127 2085 semper
1161 2041 1335 2089 [fruamur]
1364 2046 1521 2080 honestis.

1039 2181 1083 2212 In
1118 2181 1355 2216 Laudibus

1097 2259 1298 2295 Antiphonae.

887 2348 919 2381 1.
946 2347 1074 2388 Eligius
1100 2349 1231 2388 praesul

996 2396 1142 2436 Quintini
1168 2399 1323 2439 martyris
1349 2403 1439 2432 artus

948 2445 1119 2485 Quaesitos
1147 2447 1256 2479 studio

999 2495 1149 2537 vigilanti
1176 2496 1324 2537 repperit
1351 2507 1442 2539 agro.
