1650 2727
682 146 946 183 -188-

281 242 328 274 In
355 243 387 276 2.
415 243 639 284 vesperis,

332 329 379 357 Ad
399 329 582 366 Mag-nificat.

137 439 181 472 A.
207 437 233 471 Ο
260 438 315 471 lux
342 438 413 470 luce
441 438 569 482 clarior,

260 486 397 520 Gemina
423 488 567 527 lucerna,

917 244 1044 279 Ceteris
1070 243 1281 286 splendidior

962 294 1045 328 Dies
1070 292 1240 331 hodierna,

913 343 982 384 Qua
1010 351 1138 374 sorores
1165 344 1316 374 strenuae

960 391 1129 426 scandunt
1151 390 1195 422 ad
1220 398 1372 433 superna,

915 440 1103 473 Gaudentes
1128 439 1259 472 assidue

961 489 1052 522 Luce
1079 488 1290 528 sempiterna.

219 574 304 601 Brev.
334 583 387 600 ms·
415 574 590 602 Arelatense
620 583 696 602 saec.
727 573 772 602 15.
801 575 874 603 Cod.
902 576 1048 603 Parisien.
1083 573 1166 603 1284.
1196 575 1230 602 A.
1257 589 1292 594 —-
1314 575 1402 603 Brev.
1430 583 1484 602 ms.

138 614 278 649 Aquense
311 621 387 640 saec.
422 613 466 641 15.
500 614 570 641 Cod.
602 614 749 642 Parisien.
784 612 868 642 1061.
896 615 931 641 B.
957 629 996 633 —
1024 615 1213 642 Breviarium
1240 615 1380 651 Aquense
1413 616 1487 651 imp.v

136 651 279 687 Lugduni
310 650 394 679 1499.
423 653 457 681 C.
486 667 525 671 —
551 653 593 680 In
621 651 645 679 l.
674 653 781 688 vesp.
808 653 853 680 Ad
873 653 975 689 Magn.
996 652 1038 685 A,
1065 652 1084 681 4
1104 654 1130 681 O
1154 653 1231 680 fehlt
1251 655 1285 681 B.
1308 668 1343 672 -
1366 653 1444 682 Ibid.
1466 652 1484 681 7

138 690 227 718 stella
255 691 347 718 maris
370 692 402 718 B.
427 705 464 711 -—
486 691 536 718 Ad
557 693 688 719 Matut.
714 693 803 720 Invit.
832 691 850 719 5
871 692 977 719 Matris
1005 693 1133 729 virginis
1154 692 1178 719 B
1210 707 1247 712 —
1268 693 1310 720 In
1331 691 1358 720 2.
1381 694 1484 721 Noet.

135 728 163 758 R
196 728 225 763 l,
255 728 273 757 8
302 730 431 765 lapidem
454 731 485 758 B.
508 745 544 749 —
567 731 607 758 In
635 729 662 758 3.
685 733 790 760 Noct.
811 729 841 760 R
867 729 900 763 1,
930 730 963 758 11
987 740 1109 760 numero
1131 733 1166 760 A.
1187 746 1226 751 —-—
1247 731 1315 768 Vgl.
1337 733 1426 760 Anal.
1447 732 1484 765 V,

134 769 184 796 Nr.
208 767 244 796 25
267 768 327 796 und
348 769 395 796 die
418 770 503 797 Anm.
525 769 667 797 daselbst.

627 902 671 933 77.
715 901 758 933 De
783 905 894 934 sancto
915 902 993 934 Tito.

280 1003 323 1034 In
355 1004 383 1035 1.
414 1004 635 1042 vesperis,

357 1079 557 1115 Antiphonae.

154 1168 185 1201 1.
214 1167 323 1200 Claret
352 1167 421 1199 dies
448 1168 634 1208 praecipua,

257 1217 327 1256 Qua
353 1220 470 1254 tecum,
498 1225 621 1248 summe
648 1216 748 1258 Deus,

209 1263 338 1296 Gaudet
366 1264 398 1295 in
426 1264 508 1296 caeli
536 1265 625 1297 curia

255 1313 346 1344 Titus
374 1318 478 1352 pater,
507 1313 654 1345 Creteus.

146 1402 179 1435 2.
209 1400 305 1432 Tanti
333 1400 436 1439 patris
463 1400 633 1440 magnifica

257 1448 355 1480 Sonet
382 1447 464 1479 fides
492 1453 651 1490 natorum,

208 1496 331 1536 Quibus
358 1496 391 1527 in
416 1497 495 1528 urbe
523 1497 650 1529 Cretica

256 1546 373 1585 Fulget
401 1554 515 1577 nomen
543 1554 663 1577 eorum.

147 1634 179 1666 3.
207 1631 297 1664 Sicut
324 1641 342 1664 a
369 1632 437 1664 sole
464 1632 575 1664 radius

255 1681 322 1713 Titi
350 1681 451 1712 claret
479 1681 638 1722 doctrina,

205 1729 274 1769 Qua
301 1730 418 1763 Cretae
444 1730 546 1762 laetus
574 1731 713 1771 populus

254 1779 442 1810 Illustratur
469 1778 589 1812 divina.

145 1868 178 1899 4.
206 1865 269 1897 Hic
296 1867 387 1906 quasi
415 1867 523 1898 virens
551 1865 663 1898 folium

256 1915 384 1947 Virtute
411 1915 614 1955 germinavit,

206 1964 260 1996 Ad
288 1973 389 2003 usque
417 1964 498 1996 caeli
524 1964 638 1995 solium

255 2012 296 2044 Se
327 2013 444 2044 tollens
471 2013 621 2045 elevavit.

144 2102 178 2134 5.
205 2099 317 2132 Term's
345 2100 456 2132 vivens
483 2104 518 2131 ut
544 2100 687 2144 angelus,

254 2149 318 2189 Spe
345 2148 438 2180 firma
465 2149 634 2188 solidatus,

201 2198 385 2238 Adplaudit
414 2197 495 2230 caeli
523 2198 657 2240 civibus,

252 2247 319 2279 Iam
348 2246 445 2288 digne
472 2246 646 2280 laureatus

134 2336 172 2369 R.
201 2334 307 2374 Solve,
335 2334 428 2375 plebs
454 2335 594 2378 Cretica,

254 2384 385 2417 Laudes
410 2388 441 2416 et
469 2386 542 2416 tura

203 2433 355 2473 Resume,
383 2434 510 2466 cantica

252 2483 403 2524 Notaque
429 2491 530 2525 pura3

839 1004 880 1036 V.
913 1003 1030 1044 Pangit
1053 1003 1201 1044 angelica

912 1051 988 1084 Tito
1014 1052 1108 1091 plebs
1134 1052 1247 1084 inclita

961 1100 1154 1133 Sanctorum
1180 1101 1262 1133 iura.

1035 1215 1081 1242 Ad
1102 1215 1286 1251 Mag-nificat.

837 1296 879 1327 A.
906 1294 988 1335 Ave,
1016 1298 1146 1326 nostrae
1173 1294 1248 1326 fidei

959 1343 1059 1375 Pater
1085 1343 1237 1383 gloriose,

909 1391 979 1432 Qua
1005 1400 1113 1423 sumus
1139 1391 1260 1433 idonei,

959 1440 1105 1480 Suntque
1131 1441 1294 1481 gratiosae

906 1487 1026 1520 Preces
1052 1489 1137 1520 almo
1163 1490 1297 1522 numini.

971 1648 1034 1680 Ad
1059 1649 1337 1683 Matutinum.

1047 1726 1179 1754 Invitato
1183 1727 1206 1753 ri
1211 1736 1268 1754 um.

906 1813 986 1855 Regi
1014 1823 1124 1855 regum

956 1863 1129 1895 iubilemus
1155 1863 1307 1904 Domino,

909 1912 970 1952 Qui
997 1912 1081 1944 stola
1106 1912 1231 1953 gloriae

907 1960 1045 1993 Beatum
1072 1960 1169 1993 hodie

956 2009 1131 2043 Coronavit

1006 2057 1116 2090 Titum
1143 2059 1340 2098 apostolum.

972 2217 1019 2251 In
1048 2219 1081 2251 1.
1107 2218 1341 2252 Nocturno.

1056 2295 1259 2332 Antiphonae.

872 2411 881 2420 .
908 2383 987 2416 Dies
1015 2385 1143 2418 nuntiat
1171 2385 1246 2426 diei,

907 2432 983 2466 Tito
1011 2433 1100 2467 Deus
1129 2434 1264 2468 verbum
1290 2437 1362 2477 spei

957 2483 1120 2517 Collatum
1149 2483 1316 2520 divinitus.
