1650 2727
719 157 980 199 -138-

282 260 366 293 Dum
394 266 540 292 moneret
566 261 647 302 legis
674 261 783 293 hostes

334 307 413 341 tuba
439 310 635 350 evangelica.

211 359 250 391 V.
278 358 468 391 Eructando
492 356 625 390 flumina

330 406 482 440 salutaris
509 407 675 450 scientiae,

280 456 415 489 Plebem
443 455 523 488 lavit
549 456 697 497 tepidam

331 506 371 538 de
398 505 472 537 tabe
498 505 692 545 apostasiae.

246 638 254 646 .
282 613 442 645 Mirantes
467 618 587 652 pavent
614 612 743 651 aemuli,

281 662 372 701 Quod
399 661 466 692 vita
493 661 580 693 redit
607 661 740 702 volucri,

280 714 383 750 Quam
411 713 567 741 necarant
589 708 766 749 improvidi

278 760 404 791 Avulso
431 758 519 790 lento
548 758 666 798 capite.

279 808 442 839 Virtutum
471 807 551 838 haec
577 806 757 846 primordia

279 856 361 888 Sunt
388 854 476 886 facta
502 856 535 886 in
561 854 703 887 Albania

278 905 342 938 Per
369 904 568 944 Kentegerni
595 903 722 942 merita,

241 979 247 986 .
277 953 337 993 Qui
358 952 505 984 illaesum
525 953 687 992 quondam
704 950 818 983 rubum

326 999 538 1033 inflammavit
565 1000 686 1040 stipite,

280 1050 356 1082 Sine
380 1058 457 1088 rogo
483 1048 681 1080 accendebat

328 1096 461 1129 corilum
490 1096 636 1129 mirifice.

240 1231 247 1238 .
277 1204 338 1244 Qui
366 1203 469 1235 elixas
494 1203 667 1235 condiebat

327 1253 427 1292 dapes
452 1252 485 1283 in
511 1252 684 1294 lebetibus,

275 1301 369 1333 Hunc
411 1299 597 1332 defunctum
625 1301 822 1333 lamentatur

326 1350 423 1382 herus
451 1358 520 1380 cum
549 1349 733 1389 clientibus,

275 1399 337 1431 Sed
367 1397 493 1429 culinae
520 1397 605 1429 redit
633 1398 724 1430 vivus

325 1446 525 1486 Kentegerni
553 1446 704 1485 precibus

275 1495 448 1528 Albaniam
476 1493 630 1534 fugientis

325 1543 432 1575 citatis
458 1542 670 1575 anfractibus.

228 1593 247 1624 '.
275 1592 359 1624 Siste
378 1592 525 1631 gradum,
550 1591 670 1631 praebe
690 1590 818 1627 vadum,

327 1640 402 1681 fuga
429 1640 520 1679 ponti
546 1640 723 1681 rheumata,

278 1689 400 1722 Doctor
414 1688 544 1724 clamat,
563 1688 605 1720 ad
624 1697 718 1728 quem
732 1693 820 1720 amat

327 1746 501 1777 assequens
527 1737 673 1777 vestigia.

312 1914 357 1946 In
387 1913 417 1945 2.
446 1912 682 1947 Nocturno.

399 1998 598 2034 Autiphonae.

240 2124 248 2132 .
276 2098 376 2130 Sacro
402 2096 480 2129 flatu
507 2097 598 2138 pueri

279 2146 529 2181 Conscintillant
557 2146 706 2186 spatulae

279 2195 460 2228 Viridautis
487 2195 579 2227 corili

277 2245 321 2278 Ut
348 2244 436 2277 faces
463 2244 651 2285 ignicomae.

241 2377 248 2385 .
278 2353 389 2385 Pulsat
415 2361 510 2383 aures
537 2352 668 2384 Domini

277 2402 349 2434 Vox
375 2401 499 2433 orantis
525 2401 619 2442 pueri

280 2451 343 2484 Pro
369 2448 522 2482 defuncto
549 2449 680 2493 famulo,

277 2501 336 2542 Qui
364 2499 483 2533 revixit
510 2500 646 2534 concito.

922 265 954 299 3.
982 263 1097 303 Stupet
1124 260 1267 293 Ledonis
1293 259 1406 291 alveus

982 312 1147 344 Mallenae
1174 314 1305 342 ructans
1331 307 1496 350 fluctibus,

983 360 1076 401 Quod
1104 358 1232 391 salebre
1259 357 1401 390 divortia

981 410 1020 442 In
1046 417 1081 441 se
1105 412 1255 448 grassant
1284 406 1463 448 reciproca.

1099 494 1311 531 Responsoria.

923 559 954 590 1.
981 556 1064 589 Olim
1093 553 1179 585 fetae
1204 562 1315 585 arcam
1341 551 1404 584 Dei

1032 612 1150 636 vaccae
1178 602 1293 642 Dagon
1319 600 1436 633 obruto

981 653 1030 685 De
1056 654 1206 685 Acearon
1232 650 1274 682 ad
1302 650 1493 682 Bethsames

1030 701 1214 742 plaustrant
1240 700 1311 730 sine
1337 697 1501 740 scrupulo,

981 750 1034 783 Sic
1050 750 1090 782 de
1103 747 1271 780 Ckernacli
1284 746 1428 779 functum
1439 745 1526 778 tauri

1032 797 1174 830 reddunt
1201 796 1291 828 nullo
1317 797 1461 838 praevio,

982 848 1042 888 Qui
1069 846 1102 878 in
1129 845 1252 877 Glascu
1279 844 1449 876 funeratur

1032 895 1231 934 Kentegerni
1259 893 1386 925 merito.

913 945 951 977 V.
979 944 1073 976 More
1102 941 1284 974 Simeonico

981 993 1128 1031 Accepto
1153 991 1287 1023 oraculo

981 1043 1090 1081 Aeger
1117 1039 1185 1070 viso
1211 1047 1313 1079 puero

982 1089 1071 1121 Obiit
1096 1087 1130 1119 in
1157 1086 1307 1121 Domino.

921 1160 952 1191 2.
981 1157 1093 1190 Cultro
1120 1155 1190 1194 lupi
1217 1160 1371 1187 exaratus

980 1208 1069 1246 Ager
1094 1214 1133 1236 ac
1159 1204 1275 1235 tellure
1302 1208 1391 1236 satus

1030 1253 1234 1287 Germinavit
1264 1253 1420 1289 triticum.

980 1301 1192 1335 Furibundus
1220 1311 1276 1333 rex
1301 1306 1451 1333 caecatus

978 1352 1071 1384 Mitis
1098 1354 1147 1382 est
1173 1350 1374 1381 illuminatus

1028 1400 1091 1432 Per
1117 1399 1220 1430 virum
1248 1399 1481 1431 authenticum.

909 1449 944 1481 V.
974 1447 1125 1481 Silvestri
1151 1457 1232 1487 apro
1260 1448 1394 1486 praevio

1029 1495 1284 1536 Compaginatur
1310 1497 1493 1536 praedium,

977 1546 1014 1578 In
1041 1553 1103 1585 quo
1130 1548 1243 1576 sancto
1271 1544 1406 1584 collegio

1026 1593 1081 1625 Fit
1107 1592 1221 1632 Asaph
1249 1593 1492 1625 monasterium.

917 1664 947 1696 3.
976 1662 1077 1694 Crudi
1104 1661 1202 1691 moris
1230 1669 1290 1692 rex
1316 1659 1478 1692 infaustus

1027 1711 1068 1742 Et
1096 1717 1212 1740 exosus
1239 1709 1366 1740 clericis

979 1757 1190 1791 Documentis
1215 1758 1362 1790 obviavit

1029 1807 1151 1840 sanctis
1178 1806 1264 1838 sicut
1289 1807 1435 1847 magicis,

981 1856 1187 1896 Doctilogum
1216 1856 1305 1888 calce
1329 1857 1456 1896 pellens

1027 1904 1204 1945 instigante
1231 1906 1377 1944 vernula,

978 1955 1079 1994 Quem
1113 1952 1232 1985 festina
1258 1962 1346 1985 mors
1373 1954 1525 1994 detrusit,

1028 2011 1149 2044 rexque
1175 2003 1307 2043 languet
1333 2003 1492 2044 podagra.

911 2052 949 2086 V.
975 2053 1034 2092 Qui
1062 2052 1238 2084 submersit
1264 2051 1467 2084 Pharaonem

1027 2101 1072 2133 Et
1096 2100 1225 2133 Goliam
1251 2100 1371 2138 obruit,

980 2150 1101 2191 Regem
1128 2158 1265 2190 nequam
1293 2154 1325 2180 et
1351 2151 1491 2182 tironem

1027 2199 1109 2231 Dira
1136 2207 1214 2230 nece
1242 2199 1393 2239 perculit.

1014 2317 1060 2350 Iu
1089 2317 1121 2349 3.
1150 2315 1385 2349 Nocturno.

1100 2383 1301 2420 Antiphonae,

920 2454 951 2486 1.
980 2455 1209 2494 Kentegernus
1235 2464 1399 2496 nunqnam
1425 2454 1529 2488 nimbi

1029 2512 1144 2544 passus
1171 2508 1221 2535 est
1247 2503 1450 2547 discrimina,
