1650 2727
715 170 954 206 -34-

603 304 644 336 31.
685 305 721 338 In
743 303 922 337 Nativitate
944 303 1078 337 Domini.

648 397 736 437 Polo,
765 397 840 437 polo
867 398 1035 439 egreditur

698 446 761 478 Per
787 445 840 487 El,
867 455 926 487 per
952 447 1005 486 El,

649 495 755 527 Intrat
782 494 910 527 domum
938 494 1072 528 Gabriel

647 543 820 584 Nymphae
847 544 1023 585 retulitque
1049 545 1120 576 Ave

648 591 765 624 Matris
792 591 854 624 Dei
881 593 913 624 in
941 592 1105 625 conclave.

696 641 721 674 Ο
749 640 829 672 felix
857 650 1030 682 puerpera,

696 689 816 722 Nostra
843 690 916 721 dele
943 690 1100 732 crimina;

647 737 750 777 Tuba,
778 737 856 770 tuba
883 739 1037 776 canimus,

694 787 769 827 Exi,
795 787 847 818 exi
875 787 1026 826 dulciter,

647 834 777 876 Natum,
806 839 916 867 natum
943 835 1056 868 laudat
1082 835 1139 867 bos

412 978 463 996 ms.
491 969 690 1006 Ambergense
720 979 796 998 saec.
827 968 869 997 15.
896 971 971 998 Clm.
995 971 1150 998 Monacen.
1181 968 1266 998 2992.
1290 987 1326 990 —
1348 970 1366 997 5
1387 971 1515 998 Matrem

599 1092 646 1124 32.
689 1094 722 1125 ln
744 1093 922 1126 Nativitate
944 1094 1076 1126 Domini.

695 884 739 916 Et
765 884 885 918 asinus,

247 969 381 996 Proces&

170 1008 291 1035 Domini
314 1008 354 1033 in.

173 1185 203 1217 1.
230 1184 282 1216 Ex
310 1184 381 1215 sinu
408 1185 521 1216 matris
549 1185 703 1225 parvulus

172 2216 203 2248 1.

170 2413 187 2443 [ἐκ

232 1233 293 1265 Est
320 1241 467 1272 egressus
494 1234 631 1273 Iesulus,

230 1282 307 1314 Also
316 1281 367 1313 die
381 1281 455 1313 sonn
466 1281 691 1314 durchscheint
702 1283 758 1315 das
766 1283 846 1323 glas

197 1403 204 1410 .
231 1379 295 1410 Hic
322 1378 404 1409 iacet
432 1379 465 1410 in
493 1380 695 1420 praesaepio,

233 1428 293 1466 Qui
322 1433 433 1467 regnat
460 1428 529 1459 sine
556 1428 705 1467 termino,

230 1476 300 1508 Ohn
316 1475 379 1506 end
396 1475 426 1507 so
437 1475 474 1507 ist
486 1476 538 1508 die
550 1475 720 1508 herschafft
731 1477 810 1509 sein.
860 1490 863 1492 ·

197 1597 204 1603 .
234 1572 337 1604 Natus
366 1577 413 1604 est
441 1573 644 1605 Emmanuel.

233 1622 332 1661 Quem
360 1622 523 1661 praedixit
552 1621 697 1661 Gabriel,

231 1670 306 1702 Und
335 1670 396 1701 den
425 1670 559 1712 bezeugt
590 1667 787 1716 [Ezechiel]¹

195 1791 203 1799 .
230 1766 282 1798 Ab
311 1767 444 1798 Oriente
472 1769 616 1804 veniunt,

230 1816 367 1848 Aurum.
395 1820 458 1853 tus,
486 1826 628 1848 murram
649 1816 813 1855 deferunt,

231 1864 292 1896 Die
301 1864 440 1905 hailigen
453 1865 532 1906 drey
540 1865 754 1905 kinigkumen
764 1865 834 1898 dar.

876 1189 906 1219 5.

875 1382 908 1415 6.

878 1769 908 1803 8.

935 1188 995 1226 Qui
1007 1186 1140 1226 Caspar,
1157 1185 1325 1225 melchior,
1341 1185 1517 1218 Balthasar

934 1235 1072 1267 Nomine
1101 1235 1262 1274 dicuntur,

935 1284 1011 1316 Gott
1029 1283 1185 1315 braehten
1200 1283 1244 1315 sie
1260 1283 1318 1314 das
1329 1282 1433 1323 opffer
1445 1281 1514 1314 dar.

935 1382 998 1414 Hic
1026 1381 1122 1412 stella
1148 1381 1236 1413 lucet
1264 1381 1414 1419 dulciter,

935 1430 1068 1461 Oriente
1094 1430 1229 1472 pariter,

933 1478 1010 1510 Also
1035 1478 1134 1509 sahen
1162 1477 1206 1510 sie
1234 1478 1292 1509 das
1319 1478 1498 1510 kindelein.

900 1602 905 1607 .
935 1575 1091 1616 Cognovit
1119 1575 1193 1608 bina
1223 1574 1327 1606 bestia

935 1624 1098 1656 Iacentem
1126 1624 1158 1655 in
1187 1623 1298 1660 fascia,

936 1673 1127 1704 Bekannten
1155 1672 1198 1704 sie
1226 1673 1284 1704 das
1313 1672 1490 1706 kindelein.

937 1770 974 1801 In
1002 1769 1063 1800 hoo
1089 1751 1190 1801 natali
1217 1770 1334 1811 gaudio

937 1818 1174 1850 Benedicamus
1201 1819 1341 1851 Domino

935 1867 977 1898 Et
1006 1867 1130 1899 Mariae
1157 1867 1342 1908 puerperio.

247 1952 332 1978 Cant.
365 1960 418 1978 ηις.
447 1952 694 1980 Kirchlieimense
723 1961 801 1980 saec.
833 1951 876 1980 16.
908 1954 979 1981 Cod.
1008 1953 1192 1990 Maihingen.
1221 1954 1251 1982 ΙΙ
1281 1952 1308 1981 2.
1336 1953 1376 1982 8⁰
1408 1955 1452 1984 13.
1478 1970 1518 1974 —-

171 1987 195 2021 1,
226 1989 238 2016 1
262 1989 364 2026 patris.
387 2005 423 2008 —
446 1989 471 2023 ’7,
496 1990 514 2017 2
535 1993 565 2018 in
588 1991 717 2019 effascia.

594 2125 641 2156 33.
683 2125 717 2156 In
739 2125 917 2157 Nativitate
938 2125 1071 2157 Domini.

231 2215 335 2248 Natus
362 2219 412 2247 est
437 2216 530 2248 nobis
557 2216 653 2248 hodie

230 2264 279 2296 De
306 2274 387 2305 pura
415 2265 538 2306 virgine

231 2314 301 2346 Rex
327 2313 460 2352 gloriae,

195 2438 202 2444 .
229 2412 318 2454 Ergo
345 2422 522 2454 pangamus
549 2413 578 2444 ei

229 2462 347 2494 Omnes
374 2465 404 2493 et
432 2463 550 2504 singuli

230 2513 309 2544 Cum
337 2520 415 2544 voce
441 2511 555 2544 tubaii.

874 2219 906 2250 3.

875 2416 908 2448 4.

933 2218 994 2258 Qui
1021 2222 1053 2248 et
1080 2218 1255 2259 plasmavit
1280 2222 1398 2264 omnia,

935 2263 1085 2310 [Terras]
1112 2272 1144 2299 et
1170 2268 1284 2311 maria,

935 2315 1000 2348 Per
1025 2320 1141 2348 cuncta
1168 2318 1309 2352 saecula.

936 2413 1121 2447 Laudemus
1148 2426 1275 2458 quoque
1301 2417 1489 2462 Dominum,

938 2463 1064 2496 Mariae
1090 2463 1202 2505 filium,

938 2513 1059 2555 Regem
1089 2515 1264 2549 caelorum.
