1650 2727
703 172 748 178 —
801 151 870 187 112
920 172 969 176 —

615 246 676 278 135.
718 246 762 278 De
782 246 879 278 beata
898 245 1003 278 Maria
1023 245 1060 278 V.

180 325 211 359 1.
240 326 344 359 Felici
371 327 520 360 amatrici
881 329 915 363 3.
943 328 994 360 Tu
1019 328 1177 369 virginum
1206 326 1386 372 speculum,

240 374 428 416 Christique
451 378 608 417 genetrici
943 376 1098 409 Evellens
1124 376 1226 409 hostis
1251 374 1391 407 iaculum

290 424 386 456 Dulci
412 434 492 457 sono
518 434 716 468 resonemus,
994 425 1044 457 Tu
1071 434 1141 457 cum
1166 423 1351 457 virtutibus.

241 472 345 505 Decet
371 474 619 517 symphonizare
945 473 1077 506 Exhinc
1102 478 1177 514 post
1203 476 1322 504 statum
1353 470 1480 512 gratiae

238 521 405 563 Virginem
433 527 465 554 et
491 523 626 554 laudare
946 523 1132 564 Assumpsit
1159 523 1265 554 locum
1293 520 1416 561 gloriae

288 572 352 604 Pro
378 581 502 603 morum
532 572 662 603 virtute.
994 571 1148 611 Regnans
1173 572 1206 602 in
1234 568 1441 602 caelestibus,

181 649 214 681 2.
242 649 288 681 Te
315 649 403 681 Deus
429 650 625 689 genetricem
885 651 917 681 4.
947 648 1164 680 Christicolae
1190 657 1248 680 nos
1275 648 1361 680 lasse

240 698 283 730 Et
310 707 368 729 nos
395 706 426 729 te
453 698 646 729 adiutricem
947 697 1133 736 Precamur‚
1161 701 1196 729 ut
1222 706 1284 728 non
1312 704 1403 727 casse

290 746 463 786 Egentium
491 755 668 780 censemus,
993 746 1099 786 Roges
1125 755 1184 785 pro
1211 746 1316 783 venia,

244 795 348 827 Belial
376 799 407 826 te
434 800 610 835 spernente
947 795 995 827 Ut
1020 798 1076 825 tua
1102 803 1162 834 per
1185 793 1337 834 suffragia

244 844 446 883 Dominoque
473 847 627 875 cernente
948 842 1151 874 Relaxentur
1178 842 1266 873 vitia.

290 892 427 924 Servata
454 902 487 924 es
514 902 533 923 a
560 891 683 923 fomite.
997 890 1042 922 Et
1067 890 1216 930 placetur
1242 890 1410 922 Dominus.

618 958 671 990 R⁰
698 958 725 991 O
753 967 866 990 norma
894 958 1067 999 virginum.

244 1039 329 1064 Cant.
362 1046 414 1063 ms.
449 1037 600 1071 pragense
633 1035 820 1067 (IVenceslai
853 1035 888 1062 de
914 1034 1098 1071 Wyskytna)
1128 1036 1199 1062 anni
1233 1032 1315 1062 1612.
1344 1034 1415 1062 Cod.
1444 1035 1522 1062 Mus.

164 1077 288 1104 Bohem,
313 1077 385 1103 xm
410 1077 432 1103 A
457 1074 483 1102 2.
507 1091 542 1094 —
567 1076 644 1102 Eine
675 1076 827 1110 primitive
850 1074 1070 1110 Umarbeitung
1095 1075 1147 1101 der
1169 1074 1275 1102 Cautio
1298 1071 1398 1101 Felici
1415 1081 1521 1109 pecca-

164 1115 244 1149 trici,
268 1116 354 1143 Anal.
379 1116 407 1147 Ι,
441 1114 503 1143 108.
548 1116 610 1142 Das
635 1114 788 1141 Versmass
817 1115 856 1141 ist
883 1123 943 1141 von
970 1114 1035 1141 dem
1060 1114 1234 1141 Umdichter
1261 1113 1313 1141 des
1341 1114 1437 1141 &fter-n
1459 1122 1522 1141 ver-

164 1156 269 1186 derbt:
292 1155 344 1182 der
365 1155 527 1182 Ruudreim
552 1154 686 1181 ‹uffenbar
709 1153 946 1189 unvollstiindig.

629 1270 687 1300 136.
730 1269 772 1300 De
793 1268 891 1299 beata
912 1267 1015 1299 Maria
1038 1267 1071 1297 V.

187 1353 219 1386 1.
248 1352 325 1384 Dies
352 1352 414 1384 iam
444 1352 601 1393 laetitiae,
893 1353 923 1383 5.
955 1351 1018 1383 Per
1044 1354 1144 1390 tuum,
1171 1350 1272 1390 virgo,
1300 1350 1413 1387 filium,

249 1401 435 1442 Salutisque
463 1400 612 1438 fiduciae,
954 1399 1018 1431 Per
1043 1402 1180 1441 patrem,
1207 1408 1268 1439 per
1293 1398 1489 1440 paraclitum

246 1450 282 1482 ln
309 1459 373 1489 qua
399 1450 558 1490 processit
585 1449 683 1481 hodie
953 1447 1047 1480 Assis
1074 1456 1229 1487 praesens
1255 1447 1298 1479 ad
1325 1447 1459 1487 obitum,

245 1498 295 1530 De
321 1499 417 1530 stella
444 1498 493 1530 sol
518 1498 672 1531 iustitiae.
951 1496 1001 1528 Da
1029 1495 1157 1527 felicem
1185 1497 1318 1529 exitum.

190 1577 221 1609 2.
251 1577 342 1610 Servi
372 1586 500 1608 sumens
528 1575 710 1610 formulam.
892 1575 923 1607 6.
951 1574 1071 1615 Maria,
1099 1577 1204 1605 mater
1230 1575 1365 1614 gratiae,

247 1626 432 1658 Plastorum
467 1634 593 1665 quoque
624 1624 815 1659 normulam,
950 1623 1060 1654 Mater
1086 1623 1342 1665 misericordiae,

244 1675 308 1706 Per
334 1678 443 1706 vatum
472 1673 644 1714 praesagia
951 1671 1000 1703 Tu
1026 1681 1084 1703 nos
1111 1671 1152 1703 ab
1181 1672 1273 1704 hoste
1300 1678 1445 1714 protege,

245 1723 362 1755 Mundi
387 1723 473 1755 tollit
498 1722 659 1762 contagia.
949 1720 986 1751 In
1014 1720 1094 1752 hora
1120 1721 1245 1753 mortis'
1262 1722 1402 1762 suscipe.

186 1802 219 1835 3.
247 1801 469 1839 sanctissima,
498 1804 530 1831 te
556 1799 720 1840 poscimus
891 1798 921 1831 7.
950 1798 1069 1837 Maria,
1097 1799 1190 1839 virgo
1216 1799 1387 1842 virginum,

248 1849 457 1890 Supplicibus
484 1857 569 1880 nunc
595 1848 739 1889 vocibus,
950 1846 1101 1887 Deposce
1127 1848 1222 1880 nobis
1246 1849 1389 1881 omnium

245 1898 386 1937 Adveni‚
415 1898 518 1930 dulcis
545 1897 685 1938 domina,
950 1896 1185 1928 Remissionem
1213 1898 1384 1930 criminum

244 1947 326 1979 Dele
353 1951 465 1978 nostra
491 1946 691 1986 peccamina.
951 1944 1053 1976 Tuum
1081 1945 1244 1986 placando
1271 1946 1384 1979 filium.

182 2028 215 2060 4.
243 2027 306 2058 Pro
333 2025 426 2057 nobis
453 2034 508 2056 ora
535 2024 649 2066 filium,
886 2023 918 2055 8.
947 2022 1065 2055 Gloria
1091 2023 1162 2064 tibi,
1189 2023 1339 2067 Domine,

243 2075 341 2113 Rosa,
369 2073 512 2105 candens
540 2073 653 2110 lilium.
946 2072 1008 2111 Qui
1034 2076 1128 2104 natus
1155 2081 1189 2104 es
1217 2073 1258 2105 de
1285 2074 1422 2114 virgine,

241 2123 405 2163 Absterge
432 2127 543 2154 nostra
570 2122 660 2161 vitia,
946 2120 1027 2154 Cum
1054 2124 1148 2161 patre
1174 2125 1206 2154 et
1233 2126 1347 2155 sancto
1373 2124 1493 2164 spiritu

243 2172 348 2212 Imple
374 2180 432 2203 nos
458 2171 596 2203 laetitia.
946 2169 985 2201 In
1012 2170 1212 2210 sempiterna
1238 2172 1379 2205 saecula.

540 2238 579 2272 R.
606 2238 719 2270 Aaron
745 2237 837 2277 virga
864 2235 983 2269 florida

611 2287 710 2320 Casta
738 2286 830 2327 virgo
857 2284 1007 2327 fecunda,

610 2335 760 2367 Thronus
786 2335 855 2366 veri
882 2334 1063 2367 Salomonis

609 2384 654 2416 Et
679 2383 783 2416 vellus
809 2383 887 2416 iusti
915 2383 1090 2416 Gedeonis.

246 2466 330 2494 Cant.
362 2473 414 2491 ms.
446 2464 597 2498 Pragense
626 2461 811 2493 (Wenceslai
841 2461 877 2489 de
905 2461 1090 2497 Wyskytna)
1120 2464 1192 2490 anni
1225 2461 1309 2492 1512.
1339 2465 1411 2493 Cod.
1439 2466 1519 2494 Mus.

167 2505 290 2534 Bohem.
313 2505 388 2532 XIII
411 2504 435 2531 A
456 2501 483 2531 2.
507 2517 543 2521 —
