1651 2728
710 126 949 163 „28-

742 225 847 254 Lectio
868 226 908 254 11.

202 312 232 346 1.
260 311 362 345 Terra
389 318 499 346 nostra
526 313 618 347 dedit
645 313 783 347 fructum
894 316 926 348 3.
956 313 1167 355 Praefulgida
1192 313 1291 345 maris
1318 310 1423 350 stella,

256 360 307 394 De
333 362 526 394 caelestibus
552 361 739 405 adductum,
955 363 1061 396 Iesum
1089 362 1253 396 Christum
1280 359 1465 402 interpella,

259 410 330 450 Quo
356 411 454 443 cibati
481 416 511 442 et
538 410 653 443 refecti
958 412 1002 444 Ut
1027 416 1084 444 tua
1110 420 1207 452 prece
1234 410 1383 450 placatus

255 459 409 492 Universi
435 465 509 492 sunt
535 460 640 493 electi.
958 460 1095 493 Nostros
1123 463 1281 500 expurget
1308 461 1429 498 reatus,

194 557 226 589 2.
254 555 358 588 Hanc.
379 560 413 588 ut
432 556 601 596 psalmista
618 557 795 596 praedixit,
894 560 926 590 4.
953 557 991 590 In
1009 557 1130 589 mundo
1149 566 1209 598 pro
1227 565 1290 596 quo
1308 563 1497 596 pressuram

254 604 389 637 Terram
416 605 503 637 Deus
530 604 700 637 benedixit
954 605 1002 637 Tu
1028 605 1210 638 sustinuisti
1238 604 1363 647 duram,

252 654 415 686 Avertens
442 653 664 693 captivitatem
952 654 1145 695 Martyrium
1173 662 1271 694 passa
1297 651 1382 685 forte

253 701 296 734 Et
325 702 404 734 dans
432 702 524 734 nobis
551 702 746 735 libertatem.
952 702 1046 735 Illius
1074 708 1248 744 conspecta
1274 706 1388 736 morte.

509 802 540 832 5.
566 799 670 840 Capta
695 799 793 831 nimio
820 808 967 832 maerore

567 847 689 880 Satiata
717 857 750 880 es
780 848 902 890 dolore,

567 896 653 928 Dum
681 895 775 928 dator
801 901 954 929 aeternae
979 896 1060 928 lucis

563 945 733 977 Toleraret
761 953 897 984 poenam
925 945 1040 977 crucis.

733 1041 837 1069 Lectio
858 1041 913 1068 111.

187 1110 218 1142 1.
242 1109 292 1141 Tu
318 1110 549 1149 assumptionis
575 1110 654 1142 hora
888 1112 918 1144 3.
948 1112 1040 1143 Inter
1065 1111 1171 1143 claras
1199 1110 1393 1151 margaritas

247 1158 450 1199 Consurgens
477 1159 564 1190 velut
590 1167 720 1199 aurora,
947 1160 983 1191 In
1012 1159 1143 1191 caelesti
1171 1159 1249 1191 sede
1276 1160 1356 1192 sitas

246 1206 337 1238 Sicut
363 1208 487 1239 cunctis
505 1212 553 1239 est
571 1211 783 1249 compertum,
946 1208 1036 1240 Dans
1064 1206 1222 1248 fulgorem
1250 1208 1420 1252 claritatis,

244 1255 361 1287 Mundi
386 1256 572 1296 relinquens
599 1257 773 1288 desertum.
948 1256 1002 1288 Nil
1027 1257 1151 1288 habens
1177 1257 1397 1291 obscuritatis.

188 1353 220 1385 2.
248 1351 354 1384 Adest
379 1348 567 1392 angelorum
594 1358 703 1385 coetus
885 1356 916 1387 4.
947 1354 1065 1386 Sancta
1091 1354 1138 1386 sie
1166 1353 1357 1397 glorificata,

247 1400 291 1432 Et
318 1401 409 1432 Iesus
436 1403 575 1433 occurrit
601 1402 704 1433 laetus
945 1402 1043 1434 Dilue
1069 1407 1180 1435 nostra
1206 1408 1342 1443 peccata

247 1450 285 1481 In
313 1450 446 1481 caelesti
471 1458 570 1490 regno
595 1459 702 1481 secum
947 1451 1076 1491 Rogans
1108 1460 1216 1491 regem
1244 1452 1490 1496 sempiternum,

247 1498 293 1530 Te
319 1499 439 1537 locans,
466 1503 501 1530 ut
529 1498 588 1530 fuit
616 1507 763 1539 aequum,
946 1499 995 1531 Ne
1023 1500 1176 1532 cadamus
1203 1501 1236 1532 in
1264 1500 1440 1542 infernum,

503 1599 534 1628 5.
561 1595 705 1636 Regnum
734 1596 791 1627 sed
817 1596 1052 1638 possideamus,

560 1644 596 1676 In
623 1654 685 1684 quo
711 1653 838 1685 semper
864 1645 1061 1685 gaudeamus

559 1694 635 1724 Cum
664 1692 845 1733 agminibus
872 1698 1057 1726 sauctorum

560 1742 623 1775 Per
648 1742 777 1774 saecula
802 1743 1015 1776 saeculorum.

221 1846 344 1883 Tropar.
379 1857 431 1875 ms.
454 1848 647 1875 Martialense
670 1856 746 1876 saec.
772 1846 814 1876 12.
837 1848 902 1876 add.
926 1857 1002 1876 saec.
1027 1846 1075 1881 13,
1097 1851 1129 1877 in
1151 1849 1220 1878 Cod¹
1244 1851 1374 1879 Par-isin.
1397 1849 1486 1881 3719.

145 1887 182 1904 ³-
204 1885 256 1914 Als
278 1888 371 1914 Lectt.
394 1887 444 1919 IV,
467 1887 494 1914 V
516 1886 574 1914 und
597 1888 637 1915 vl
660 1896 714 1915 aus
735 1887 800 1915 dem
823 1887 960 1915 Officium
983 1888 1016 1914 B.
1038 1888 1079 1916 M.
1102 1888 1136 1916 V.

609 2032 635 2062 8.
678 2031 720 2062 De
742 2030 837 2062 beata
859 2031 961 2062 Maria
983 2031 1018 2062 V.

632 2113 693 2146 Ad
729 2113 993 2146 Matutinum

742 2181 890 2217 Hymnus.

319 2270 420 2309 Quem
447 2270 525 2302 colit
550 2274 583 2302 et
607 2270 732 2309 laudat,
758 2274 933 2303 veneratur
958 2271 1109 2304 maehina
1131 2273 1228 2314 trina,

316 2318 377 2360 Qui
406 2319 529 2351 caelum
555 2323 676 2359 portat,
704 2327 793 2351 mare
817 2323 937 2362 portat,
965 2320 1074 2353 sidera
1101 2325 1223 2362 portat,

321 2368 454 2401 Claudit
481 2373 511 2400 et
539 2377 642 2404 omne,
671 2368 757 2409 quod
785 2373 844 2410 est,
873 2368 1031 2402 conclusit
1058 2369 1193 2411 virginis
1219 2372 1323 2408 alvus,

319 2417 370 2450 Sit
394 2417 466 2456 tibi,
491 2426 614 2449 summe
640 2416 739 2457 Deus,
767 2418 838 2450 laus
865 2423 898 2450 et
922 2417 1121 2461 benedictio,
1148 2419 1263 2461 virtus⁷

320 2468 419 2507 Quem
447 2466 581 2499 colimus
607 2470 769 2509 sanctum,
795 2467 914 2500 trinum
942 2471 1137 2501 venerantes
1164 2473 1196 2501 et
1222 2479 1330 2506 unum.
