1650 2727
697 110 937 145 —0-2-

426 210 457 242 3.
488 209 626 242 Pulchre
653 209 751 241 cubas
777 208 844 250 poli
870 218 994 242 summo
1019 207 1163 250 fastigio,

493 258 692 298 Angelorum
719 258 930 291 circumdaris
957 258 1102 300 collegio,

542 307 630 339 Fons
655 307 728 338 sinu
753 310 809 340 tuo
834 312 943 340 manat
966 308 1118 348 pietatis;

496 356 592 389 Ponis
621 353 768 387 funestae
794 356 921 388 haeresi
945 359 979 388 tu
1007 357 1189 396 terminum,

494 404 602 437 Mater
627 403 776 444 perfecta
803 404 969 437 beatorum
995 405 1171 444 nominum,

544 453 648 485 Tenes
673 453 859 485 thesaurum
886 461 981 485 verae
1007 453 1177 487 castitatis.

592 503 782 534 Immolatur
808 501 849 532 tis
876 501 961 533 filius

498 553 533 583 In
562 550 666 583 forma
692 551 785 590 panis
810 559 904 582 manu
931 549 1123 582 sacerdotis.

593 597 674 632 Cibo
702 599 780 638 quid
808 598 870 630 hoc
895 597 1067 639 sapidius?

496 648 591 681 Hunc
617 647 710 679 nobis
739 645 862 687 confer,
889 647 953 688 pia,
981 646 1044 679 tuis
1071 647 1166 686 votis,

594 696 639 730 Ut
666 705 737 728 cum
764 695 903 728 molares
929 696 1091 735 steterint,

498 745 626 779 Clausis
654 743 807 776 fenestris
834 744 946 776 thorus
974 744 1181 786 dissolvetur,

594 793 774 832 Aethiopes
801 793 826 825 si
854 793 1013 832 venerint,

504 843 651 875 Potestas
678 845 790 874 contra
817 851 875 873 nos
900 840 951 873 his
978 841 1067 873 nulla
1095 841 1200 884 detur,

598 890 680 923 Nam
710 890 812 922 virtus
838 890 941 922 omnis
970 888 1090 922 deficit.

645 938 721 970 Sola
747 939 791 970 sis
817 939 988 980 advocata,

597 987 743 1020 verbosa
769 987 848 1019 viris
876 987 959 1019 ratio

597 1036 639 1069 Et
667 1036 772 1068 cautio

597 1085 743 1125 Deperit,
772 1084 799 1116 si
825 1082 984 1123 abfueris,

645 1133 872 1166 Praednlciter
898 1132 1059 1165 trabeata.

226 1220 350 1248 Colleet.
378 1230 432 1247 ms.
455 1220 637 1247 Stiriaceuse
666 1230 743 1247 saec.
769 1219 812 1247 15.
835 1220 903 1247 esd.
927 1219 1084 1247 Stiriacen.
1108 1219 1134 1247 L
1155 1217 1192 1247 26
1213 1215 1251 1255 [s.
1271 1217 1324 1256 n.].
1346 1234 1385 1239 —
1409 1217 1434 1252 l,
1458 1218 1493 1247 13

144 1262 280 1296 Regnum
305 1261 359 1287 Dei
382 1260 554 1287 destruitur.
583 1276 617 1279 -—
643 1259 665 1288 l.
694 1259 727 1288 lt<
751 1260 879 1287 Hebrae.
902 1273 939 1278 —
961 1257 987 1291 2,
1009 1260 1026 1287 3
1044 1259 1188 1286 Dormitis
1210 1260 1323 1287 mortis.
1346 1273 1383 1277 —
1405 1256 1433 1291 2,
1457 1257 1493 1286 12

143 1301 405 1336 praescriptorum.
428 1314 465 1318 —
487 1298 520 1330 3,
554 1298 565 1325 l
597 1300 728 1326 cumbas.
754 1314 788 1318 —
810 1297 842 1331 3,
870 1296 888 1323 3
916 1307 1013 1325 mana.
1035 1312 1073 1316 —
1093 1296 1127 1330 3,
1150 1297 1168 1325 4
1196 1298 1330 1325 funesti-i.
1353 1312 1390 1316 —
1411 1295 1444 1331 3,
1473 1296 1491 1325 7

143 1339 320 1366 Immolatur
348 1339 404 1366 tibi
433 1338 520 1366 filius.
545 1353 582 1356 —
603 1337 634 1370 3,
666 1337 682 1365 9
708 1338 795 1374 quod.
821 1351 852 1357 —
880 1337 1036 1366 Verfasser
1062 1336 1138 1364 nach
1159 1337 1211 1365 der
1231 1337 1287 1364 Hs.
1307 1337 1494 1375 Magister

145 1378 332 1406 Nicolaus
355 1378 396 1405 de
420 1377 649 1413 Sweydnicz.

504 1502 548 1533 76.
593 1501 762 1540 ηΜιιῐρῑιιιιι
786 1501 823 1533 de
846 1501 943 1533 beata
966 1501 1133 1541 Virgine“.

145 1594 343 1635 Imperatrix
371 1603 587 1635 supernorum
900 1594 1040 1627 Mortem
1067 1596 1211 1625 nostram
1239 1592 1380 1636 destrue,

196 1643 333 1682 Civium,
904 1643 1007 1674 Vitam
1036 1641 1129 1674 nobis
1155 1642 1273 1674 tribue.

147 1691 353 1724 Consolamx
380 1692 571 1724 miserorum
851 1692 899 1723 Tu
926 1696 1071 1723 nostrum
1099 1688 1269 1731 refugium,

195 1741 237 1773 Et
264 1741 429 1782 gaudium,
899 1741 924 1773 O
952 1740 1069 1781 Maria,

195 1789 313 1821 Verum
341 1789 449 1821 lumen
477 1790 633 1825 cordium,
851 1789 953 1821 Nobis
981 1788 1031 1821 fer
1057 1787 1227 1830 auxilium,

146 1838 242 1870 Vitae
270 1838 389 1880 datrix,
900 1838 998 1879 Virgo
1024 1837 1090 1878 pia,

144 1887 335 1926 Mediatrix‚
849 1886 874 1918 O
903 1886 1060 1927 splendor
1086 1885 1218 1926 gloriae,

195 1936 380 1974 Hominum,
849 1935 874 1967 O
903 1937 958 1967 lux
984 1934 1152 1973 ecclesiae,

144 1984 322 2017 Exoratrix
897 1984 966 2016 Nos
992 1988 1024 2015 te
1050 1983 1233 2021 laudantes,

196 2033 246 2066 Sis
273 2043 334 2074 pro
360 2032 454 2064 nobis
480 2034 522 2064 ad
549 2032 734 2065 Dominum.
898 2033 966 2064 Nos
993 2031 1194 2065 exsultantes

145 2082 211 2114 Per
237 2085 269 2113 te
295 2090 381 2114 mors
409 2082 599 2117 destruitur,
946 2080 1024 2112 Tuis
1050 2079 1212 2120 laudibus,

146 2131 209 2164 Per
235 2135 267 2162 te
297 2131 364 2163 vita
387 2129 553 2170 redditum
945 2129 1046 2170 Iunge
1072 2128 1154 2160 caeli
1181 2127 1317 2161 civibus

224 2217 382 2246 Sermones
409 2225 462 2246 ms.
488 2216 530 2248 (S.
554 2215 714 2243 Bernhardi
745 2224 833 2251 super
854 2216 984 2249 cantica)
1003 2223 1082 2243 saec.
1107 2212 1153 2242 12.
1175 2213 1248 2242 Cod.
1271 2214 1421 2243 Hilarien.
1442 2213 1491 2243 40.

145 2257 211 2285 add.
234 2265 310 2285 saec.
335 2254 408 2283 ¹⁸l14.
430 2270 464 2274 —
494 2256 555 2283 Das
577 2256 678 2283 Ganze
700 2255 755 2282 mit
775 2255 1062 2292 einstimmiger
1083 2253 1230 2286 Melodie,
1252 2261 1314 2281 was
1335 2263 1389 2282 zur
1408 2254 1492 2283 Fest-

144 2297 274 2333 stellung
294 2296 346 2324 des
368 2293 513 2332 Begriffes
535 2295 616 2323 eines
638 2294 785 2321 Mutetum
808 2302 869 2320 von
889 2294 1038 2321 Interesse
1060 2294 1108 2321 ist.
