1650 2727
157 452 175 485 1

690 170 859 206 —191
911 189 961 196 —

282 267 328 300 In
357 267 389 302 1.
416 267 651 302 Nocturno.

366 354 438 382 Anti
442 353 568 390 phonae.

216 450 392 484 Natalibus
418 452 549 493 egregia

212 500 258 533 Et
283 499 429 533 moribus
455 501 590 534 Valeria

213 550 264 583 De
289 557 408 591 genere
437 550 619 591 gentilium,

213 599 264 632 De
290 598 394 639 spinis
421 597 514 632 fulsit
541 599 657 634 lilium.

181 713 189 721 .
214 687 306 720 Haec
333 689 365 718 et
391 687 425 719 in
451 687 532 728 ipsis
560 688 678 721 ritibus

218 735 292 768 Non
319 736 451 776 gentilis
477 737 666 778 gentilibus.

214 785 283 818 Iam
311 784 443 818 Christo
470 785 594 819 Christi
620 787 731 820 nescia

214 833 356 867 Vivebat
382 834 519 867 horrens
546 836 636 870 vitia.

180 947 188 956 .
214 923 328 955 Mente
353 932 515 965 praesaga
541 924 688 966 caelitus,

217 971 313 1004 Dono
340 977 520 1011 praeventa
545 973 692 1017 spiritus,

217 1020 323 1053 Carne
348 1021 469 1053 mansit
495 1021 642 1063 virginea

215 1069 304 1102 Rosa
332 1069 373 1102 de
399 1071 504 1111 stirpe
529 1071 656 1111 spinea.

178 1183 186 1191 .
213 1157 310 1190 Idola
338 1166 475 1190 cernens
502 1158 587 1190 deici

213 1206 266 1239 Ex
293 1206 356 1239 viri
382 1207 555 1248 apostolici

213 1255 381 1288 Martialis
407 1257 622 1299 sermonibus,

213 1304 360 1337 Lavatur
386 1306 489 1338 sacris
517 1304 673 1341 fontibus,

178 1418 186 1426 .
214 1392 393 1435 Stephano,
423 1394 497 1426 duci
525 1393 664 1435 Galliae,

214 1441 377 1482 sponsata
404 1443 497 1476 dotes
521 1444 647 1484 gratiae

212 1490 343 1531 sponso
369 1495 501 1525 terreno
527 1493 696 1533 praetulit,

210 1539 299 1572 Hinc
325 1539 410 1572 dura
434 1541 549 1574 mortis
575 1543 724 1582 pertulit.

173 1653 181 1661 .
208 1627 272 1660 Die
297 1633 460 1669 noctuque
486 1629 626 1662 Domino

208 1676 356 1718 Supplex
382 1687 443 1718 pro
470 1687 590 1720 sponso
613 1679 782 1721 Stephano

206 1726 249 1759 Ei
277 1727 378 1759 vitam
403 1727 556 1769 obtinuit,

209 1777 274 1810 Per
299 1785 394 1817 quem
421 1785 518 1810 caesa
543 1777 706 1813 occubuit.

269 1954 316 1986 In
344 1954 376 1987 2.
403 1953 642 1992 Nocturno.

351 2041 554 2078 Antiphonae.

169 2167 177 2175 .
204 2140 281 2174 Dux
308 2139 420 2174 fremit
445 2142 496 2175 ira
523 2142 720 2186 Stephanus,

205 2190 298 2224 Intus
320 2191 442 2224 ardens
469 2198 505 2225 ut
532 2192 692 2234 clibanus,

204 2239 288 2272 Dum
316 2249 351 2272 se
377 2242 490 2282 sperni
517 2242 716 2283 considerat,

201 2288 355 2324 Sanctam
380 2292 499 2331 punire
524 2296 695 2333 properat.

203 2379 357 2413 Occurrit
380 2380 606 2422 imperterrita

203 2429 276 2462 Nec
300 2429 436 2463 auditur
463 2430 545 2463 dans
571 2431 707 2473 monita,

202 2479 268 2512 Sed
295 2479 375 2512 ferit
399 2480 490 2512 illam
518 2479 660 2521 impiger

198 2529 282 2563 Mox
308 2527 480 2562 feriendus
507 2529 662 2571 armiger.

865 271 895 304 3.
924 267 1031 310 Caput
1056 277 1185 302 caesum
1213 269 1278 302 fert
1306 270 1448 304 brachiis

923 318 979 350 Ad
1004 321 1152 350 sanctum
1179 323 1293 351 sancta
1319 322 1475 364 propriis,

925 366 1074 398 Durities
1101 375 1284 400 marmorea

926 415 1053 448 Plantis
1079 416 1200 447 cedens
1227 415 1263 448 fit
1290 424 1395 448 cerea.

888 527 896 534 .
924 503 1042 535 Illator
1067 502 1182 533 mortis
1209 502 1357 541 moritur,

923 551 990 584 Sed
1015 551 1122 584 sancti
1148 559 1246 591 prece
1273 551 1437 591 redditur,

924 600 978 632 Sic
1005 601 1071 633 dux
1095 600 1137 632 ad
1165 599 1264 632 fidem
1293 600 1433 639 ducitur,

924 649 1053 691 Stupet,
1082 649 1199 690 credit,
1227 650 1383 682 abluitur.

886 763 893 771 ,
923 737 1055 769 Caelum
1083 737 1213 769 scandit
1240 737 1428 770 aethereum

923 786 987 818 Per
1013 787 1143 828 globum
1172 792 1298 827 martyr
1325 786 1465 827 igneum,

922 835 1106 868 Concentus
1133 839 1211 867 tunc
1237 836 1415 878 angelicus,

922 884 1067 926 Clangor
1092 885 1225 917 auditur
1251 885 1404 918 caelicus.

887 998 894 1006 .
924 972 1017 1012 Vale,
1046 972 1158 1005 valens
1186 972 1331 1011 Valeria,

923 1021 1084 1063 Tempore
1110 1022 1300 1062 primiceria

922 1070 999 1102 Post
1007 1080 1137 1113 passum
1147 1070 1311 1103 Christum
1320 1070 1495 1103 Dominum

921 1120 1161 1160 Agonizantum
1190 1120 1361 1162 virginum.

985 1277 1029 1309 ln
1058 1279 1091 1310 3.
1119 1276 1355 1311 Nocturno.

1067 1354 1114 1382 Ad
1137 1354 1270 1382 Cantica.

845 1441 889 1478 A.
915 1443 940 1476 O
968 1444 1111 1485 Valeria,
1140 1444 1254 1487 lilium,

968 1493 993 1526 Ο
1020 1493 1087 1531 lux,
1117 1502 1134 1525 o
1161 1503 1235 1526 rosa
1263 1493 1396 1535 caelica,

918 1542 1008 1581 Quae
1034 1553 1093 1574 nos
1120 1542 1181 1574 tibi
1209 1543 1386 1584 offerimus,

967 1591 1055 1624 Offer
1079 1591 1150 1624 Deo
1177 1596 1211 1624 tu
1240 1592 1378 1626 cantica.

1033 1740 1095 1772 Ad
1123 1739 1306 1772 Laudes.

1067 1818 1270 1854 Antiplionae.

881 1933 887 1940 .
915 1906 1047 1939 Laudes
1076 1908 1194 1940 decent
1223 1907 1399 1949 Valeriam,

918 1956 1058 1989 Domum
1086 1962 1185 1993 tuam,
1216 1966 1284 1997 rex,
1313 1959 1446 2000 regiam,

917 2005 1008 2038 Haec
1035 2009 1152 2047 parata
1179 2007 1274 2039 sedes
1302 2011 1358 2039 tua

918 2055 1012 2088 Visat
1038 2066 1095 2088 nos
1120 2056 1162 2088 ad
1193 2054 1277 2089 festa
1306 2066 1375 2090 sua.

882 2173 890 2180 ,
919 2143 1164 2177 Coniubilemus
1191 2145 1342 2184 Domino,

916 2194 977 2233 Qui
1004 2203 1158 2234 sponsam
1187 2204 1277 2227 suam
1305 2195 1434 2235 gemino

917 2243 1062 2276 Coronat
1091 2243 1277 2276 diademate

915 2293 981 2325 Suo
1007 2294 1167 2334 signatam
1196 2293 1359 2334 stigmate.

881 2409 887 2415 .
914 2380 1079 2413 Adhaesit
1104 2385 1179 2422 post
1206 2386 1239 2414 te
1264 2382 1373 2415 anima

916 2430 960 2463 Et
988 2439 1064 2463 caro
1090 2440 1163 2463 mea
1191 2432 1334 2472 victima,

916 2479 1062 2522 Tuaque,
1094 2480 1192 2521 Deus,
1222 2481 1358 2512 dextera

913 2528 972 2561 Me
998 2530 1144 2571 suscepit
1170 2530 1203 2562 in
1232 2530 1378 2563 aethera.
