1650 2727
687 145 915 181 -65,

590 288 640 320 80.
681 288 716 320 ln
739 287 830 320 Festo
853 288 883 321 S.
906 286 1037 320 Nicolai.

605 360 651 388 De
672 359 827 396 Episcopo
849 357 1023 387 Puerorum.

150 449 180 482 1.
211 448 237 481 Ο
265 448 361 481 sedes
387 447 579 490 apostolica,
856 449 889 482 3.
918 447 1042 479 Emitte
1069 457 1153 480 nova
1180 447 1320 488 cantica,

208 495 338 540 Gaude,
360 496 451 530 sedes
475 497 678 538 mamzetica,
916 495 1048 538 Gaude,
1074 497 1164 530 sedes
1190 497 1394 530 nnmnetica,

212 546 251 578 In
277 547 339 578 hac
366 545 419 579 die
445 545 607 578 dominica
918 544 1037 578 Servos
1065 552 1137 578 tuos
1163 540 1330 584 laetifica,'

261 595 390 628 Novum
411 598 578 636 pastorem
604 594 745 635 suscipe,
970 594 1044 626 Non
1071 594 1312 635 adplaudentes
1338 595 1480 633 corripe,

216 643 342 685 Gaude,
370 643 465 676 sedes
491 644 685 681 mannetica,
921 642 1047 681 Gaude,
1077 644 1172 676 sedes
1199 644 1394 682 munumina,

262 693 391 725 Novum
418 696 583 733 pastorem
610 693 751 733 suscipe.
969 692 1098 725 Novum
1126 697 1291 733 pastorem
1321 692 1459 732 suscipe.

147 783 179 814 2.
207 784 246 814 ln
273 781 334 813 hac
362 780 415 814 die
438 781 611 821 dominica,
863 783 894 815 4.
922 780 1106 822 Descende,
1137 782 1240 813 virtus
1268 781 1400 821 caelica,

209 829 338 868 Gaude,
365 830 456 863 sedes
484 831 683 872 mannaim,
917 829 1048 869 Gaude,
1074 831 1163 863 sedes
1190 832 1391 867 mmmmm,

210 879 334 912 Emitte
360 888 444 912 nova
468 880 605 922 cantica,
918 879 1011 919 Quod
1039 880 1173 913 corruit.
1202 879 1339 912 aedifica

262 929 374 960 Novus
400 929 580 969 adplausus
606 929 751 970 concipe,
969 928 1035 961 Sub
1062 930 1125 961 isto
1152 939 1234 961 novo
1262 929 1432 969 principeg

214 976 340 1017 Gaude,
368 978 464 1010 sedes
491 979 686 1018 mannetica‚
921 977 1047 1016 Gaude,
1076 978 1171 1010 sedes
1198 980 1392 1016 mammea,

261 1026 388 1058 Novum
417 1030 581 1067 pastorem
607 1028 747 1068 suscipe.
970 1027 1099 1059 Novum
1126 1031 1291 1067 pastorem
1319 1027 1459 1067 sti-cipe.

217 1112 340 1141 collect.
371 1122 424 1141 ms.
450 1114 575 1141 Maioris
599 1114 778 1142 Monasterii
803 1122 879 1141 saec.
904 1111 977 1141 ’³2³1ss
1000 1114 1071 1140 C=·d.
1093 1114 1244 1144 Turonen,
1268 1112 1324 1141 615
1344 1113 1433 1145 (927³.
1454 1129 1492 1132 —

137 1151 168 1185 l,
196 1151 214 1180 2
236 1153 279 1180 Zu
308 1153 392 1180 sedes
421 1155 591 1181 mannetica
620 1154 670 1181 cfr.
696 1154 744 1181 Du
767 1153 868 1189 Cange
891 1163 912 1180 s.
936 1163 964 1179 v.
986 1158 1181 1186 mnuueta,
1211 1158 1432 1181 exametum.
1456 1169 1492 1172 —

133 1189 166 1225 3,
198 1191 216 1219 4
248 1192 457 1228 aplaudantes.
491 1207 528 1210 -—
558 1192 620 1219 Aus
650 1192 749 1221 dieser
776 1193 832 1221 Hs.
861 1192 937 1220 auch
965 1193 1148 1224 Luzarches,
1181 1193 1273 1221 office
1301 1193 1337 1221 de
1364 1193 1492 1230 Fitque&

158 1252 164 1258 .
189 1230 227 1259 33
249 1241 292 1267 sq.
316 1232 371 1258 mit
392 1231 552 1267 folgenden
568 1231 711 1260 Fehlern:
736 1230 761 1265 1,
783 1230 802 1259 2
823 1233 882 1260 und
906 1235 945 1260 im
969 1233 1126 1269 folgenden
1142 1233 1248 1260 immer
1263 1233 1440 1260 Nannetica.
1456 1248 1493 1252 —-

134 1241 161 1303 Ξ
186 1269 204 1299 6
226 1271 309 1300 fehlt.
331 1286 368 1289 —
390 1268 417 1303 3,
439 1270 456 1299 6
478 1271 560 1299 fehlt.
575 1287 613 1290 —
632 1271 661 1302 4.
683 1270 700 1299 6
722 1270 803 1299 fehlt.
825 1286 862 1290 —
885 1272 1039 1299 Zwischen
1062 1273 1191 1308 Stroplie
1213 1273 1230 1297 ἰ),
1255 1273 1316 1300 und
1337 1273 1355 1300 4
1377 1273 1493 1300 scheint

137 1311 322 1338 mindestens
345 1312 412 1338 eine
435 1310 562 1346 Strophe
578 1320 614 1338 zu
636 1311 744 1344 fehlen,
768 1311 805 1338 da
827 1316 913 1339 sonst
934 1312 982 1339 die
1004 1316 1081 1339 erste
1096 1312 1178 1340 Zeile
1195 1312 1280 1347 jeder
1297 1312 1423 1348 Strophe
1445 1312 1494 1340 die

137 1349 226 1377 dritte
250 1350 302 1378 der
323 1350 589 1386 vorhergehenden
613 1351 722 1378 wieder
743 1352 910 1379 aufnimmt.

546 1484 588 1517 81.
632 1486 674 1517 De
699 1485 821 1517 sanetis
843 1485 1079 1517 Innocentibus.

150 1578 183 1611 1.
212 1578 248 1610 In
276 1577 391 1609 laudes
418 1577 649 1620 innocentium,
857 1581 889 1612 4.
919 1579 955 1611 In
984 1579 1106 1611 somnis
1133 1578 1217 1611 hauc
1244 1578 1411 1612 fallaciam

208 1626 269 1667 Qui
296 1627 386 1668 passi
412 1631 487 1659 sunt
514 1629 720 1668 martyrium„
918 1627 1080 1660 Viderunt
1106 1637 1145 1659 ac
1171 1628 1212 1660 ad
1241 1629 1382 1669 patriam

213 1677 338 1709 Psallat
366 1677 483 1709 chorus
510 1675 702 1709 infantium:
918 1677 984 1710 Per
1011 1677 1095 1709 viam
1124 1677 1261 1710 tendunt
1291 1678 1400 1711 aliam.

258 1725 309 1758 Sit
335 1725 436 1758 decus
462 1726 531 1766 regi
556 1731 737 1768 martyrum
967 1727 1017 1759 Sit
1045 1727 1144 1758 decus
1172 1728 1240 1768 regi
1268 1733 1446 1769 martyrum

306 1774 351 1808 Et
377 1775 492 1816 gloria.
966 1794 969 1795 ν
1016 1775 1059 1807 Et
1087 1776 1203 1817 gloria.

147 1864 180 1896 2.
209 1863 288 1896 Cum
315 1861 401 1896 filius
428 1864 592 1905 apparuit,
855 1866 886 1897 5.
916 1863 1011 1897 Nunc
1031 1865 1161 1905 videns,
1190 1866 1277 1905 quod
1306 1870 1490 1905 paraverat.

207 1913 244 1945 In
271 1921 335 1954 quo
360 1913 449 1954 patri
476 1914 683 1954 complacuit,
914 1914 1023 1946 Iratus
1050 1923 1108 1946 rex
1138 1923 1208 1946 curn
1238 1914 1323 1946 furia

207 1962 370 1995 Terrenus
397 1971 454 1995 rex
480 1961 660 1996 infremuit.
913 1962 1016 1996 Nefas
1043 1968 1194 1996 constans
1221 1965 1398 1998 celaverat.

255 2011 304 2044 Sit
331 2012 431 2045 decus
458 2013 526 2053 regi
555 2018 733 2054 martyrum
964 2012 1013 2046 Sit
1041 2013 1139 2045 decus
1168 2014 1235 2054 regi
1264 2018 1445 2054 martyrum

303 2061 347 2094 Et
373 2062 488 2104 gloria.
1012 2062 1055 2096 Et
1083 2063 1199 2104 gloria.

146 2150 178 2183 3.
206 2150 302 2182 Hunc
325 2160 436 2191 magos
463 2150 553 2184 iubet
579 2159 751 2194 quaerere,
855 2151 888 2185 6.
917 2151 963 2185 Ut
991 2152 1091 2183 vitam
1118 2156 1223 2183 morte
1251 2152 1392 2184 omnium

207 2200 269 2240 Qui
297 2200 517 2241 praecedente
542 2199 653 2234 sidere
917 2201 1064 2237 occidat,
1096 2200 1157 2234 Dei
1185 2201 1298 2237 tilium,

205 2248 290 2282 Tres
315 2254 458 2291 pergunt
483 2250 607 2282 trinum
635 2249 755 2284 colere.
917 2249 1024 2283 Datur
1050 2250 1137 2292 regis
1163 2251 1348 2290 imperium.

255 2297 306 2331 Sit
333 2299 432 2332 decus
459 2300 528 2340 regi
555 2304 738 2341 martyrum
966 2299 1016 2332 Sit
1044 2299 1143 2332 decus
1170 2300 1237 2340 regi
1267 2306 1446 2342 martyrum

302 2347 348 2381 Et
371 2349 488 2390 gloria.
1014 2350 1055 2382 Et
1083 2349 1200 2390 gloria,

209 2437 301 2473 Trop.
332 2445 386 2464 ms.
406 2435 605 2464 Martialense
633 2444 711 2464 saec.
742 2432 788 2463 12.
816 2432 878 2472 [13.
907 2433 966 2472 14.]
989 2435 1060 2465 Cod.
1085 2437 1216 2465 Parisin.
1246 2435 1330 2464 11:³19.
1352 2451 1390 2456 -—
1411 2434 1444 2467 ⁶2.
1476 2434 1494 2463 2

130 2477 236 2514 patris.
263 2491 298 2495 —
321 2473 350 2509 3,
372 2473 390 2503 2
405 2475 622 2512 praecedentis.
644 2489 682 2495 —·
704 2473 732 2509 3,
754 2472 773 2503 3
788 2475 862 2504 Tres
876 2475 956 2504 idem
970 2477 1092 2505 trinum.
1116 2491 1153 2494 —
1175 2476 1201 2510 5,
1227 2476 1239 2504 1
1260 2478 1303 2504 Ne
1325 2477 1439 2503 videns.
1457 2492 1493 2496 —-

129 2515 218 2546 Nach
239 2514 270 2551 5,
299 2514 319 2544 3
340 2515 484 2544 Alleluia.
506 2529 545 2534 —
565 2514 600 2548 6,
627 2514 643 2542 1
664 2518 788 2543 mortes.
810 2529 848 2534 —
868 2514 896 2549 6,
917 2513 936 2543 2
956 2514 1116 2544 Occidens.
1138 2532 1174 2536 —
1195 2514 1223 2547 6,
1245 2515 1264 2544 3
1284 2516 1383 2543 Cantu
1405 2513 1493 2553 regis.

190 2567 212 2591 D
219 2575 234 2592 r
241 2573 255 2590 ο
262 2575 279 2591 v
286 2575 301 2591 e
310 2575 322 2592 s
331 2586 337 2596 ,
354 2566 508 2592 Cantionos
524 2568 553 2590 et
568 2565 679 2590 Mutati.
712 2565 766 2590 111.
1297 2572 1314 2592 0
