1650 2727
719 135 958 170 ..11-

591 233 700 275 Salve,
727 231 895 266 confessor
920 234 1044 276 inclite,

591 282 742 323 Ludgere
768 281 966 323 beatissime,

591 331 733 364 Caelesti
760 329 887 370 fulgens
913 331 1088 372 schemate,

589 380 649 421 Qui
673 378 754 412 facis
781 379 913 413 Christo
940 381 1106 413 credulam

594 429 670 462 Pius
696 429 825 470 plebem
854 429 1057 470 Saxonicum,

591 478 764 510 Frisonum
791 484 919 518 gentem
946 487 1095 519 asperam

591 527 640 559 Tu
667 525 750 559 facis
778 527 847 559 Deo
874 527 1049 559 subditam.

264 633 478 677 „Lutardi
502 643 583 668 con
598 632 810 672 sessoris,
838 633 1018 678 quondam
1039 636 1178 670 comitis
1199 633 1387 670 Cliviensis
1407 641 1515 679 atque

162 691 362 728 fundatoris
398 692 628 728 ecclesiarum
665 693 776 728 saneti
814 692 1010 729 Clementis
1045 694 1080 728 in
1108 693 1291 738 Wysschel
1330 704 1368 729 ac
1404 694 1514 730 sancti

162 749 301 793 Quirini
341 751 377 786 in
405 751 535 787 Nussia
561 761 655 787 auno
682 752 825 787 Domini
854 752 1148 793 octingentesimo
1176 752 1274 788 XXV
1287 755 1333 789 ⁰.“
1390 754 1516 789 Aul'ser

161 810 242 845 dem
271 810 377 855 Resp.
407 810 438 846 Ο
474 811 588 846 virum
625 811 856 849 imitabilem.
891 811 955 846 das
981 812 1084 847 Anal.
1113 811 1241 849 XXVI.
1271 812 1330 847 ΧΓ.
1363 815 1408 847 υἷ»
1437 813 1514 847 mit-

159 868 285 911 geteilt
311 870 367 908 ist,
397 870 454 906 die
480 869 657 914 folgende,
686 871 766 905 dort
792 869 958 906 fehlende
987 871 1186 916 Antiphon:

573 975 598 1007 Ο
626 983 721 1014 quam
750 974 954 1006 venerandus

577 1024 632 1055 Est
660 1023 721 1055 iste
748 1028 880 1055 sanetus

577 1072 699 1113 Regum
727 1073 880 1112 progenie
906 1076 1007 1109 ortus,

575 1121 633 1162 Qui
663 1121 859 1160 contempsit
885 1130 1037 1162 pompam
1066 1122 1186 1153 saeculi

575 1170 617 1202 Et
645 1176 773 1202 secutus
801 1175 849 1202 est
878 1177 1054 1211 praecepta
1083 1171 1214 1203 thr-isti.

258 1277 321 1313 De
359 1280 523 1313 sancto
560 1277 704 1313 Paulo
740 1277 956 1313 Eremita.
1019 1277 1151 1313 Weder
1190 1277 1224 1312 in
1258 1278 1327 1312 ‹len
1364 1277 1513 1314 Offieien

160 1335 265 1372 Anal.
293 1335 457 1374 XXVIII,
484 1335 546 1371 Nr.
574 1336 621 1371 44
647 1337 718 1372 und
748 1337 793 1370 45
819 1335 906 1372 noch
935 1336 1019 1371 ibid.
1048 1335 1082 1371 S.
1111 1337 1180 1371 :515
1208 1336 1327 1372 finden
1356 1338 1428 1373 sich
1457 1338 1513 1373 die

159 1395 290 1431 beiden
317 1395 544 1441 Antiphoneu
571 1395 643 1431 und
673 1396 737 1430 das
763 1394 1058 1441 Responsorium,
1085 1396 1142 1430 die
1170 1395 1247 1431 hier
1273 1395 1411 1437 folssen:

192 1501 235 1532 A.
263 1500 289 1533 Ο
316 1508 412 1540 quam
439 1497 588 1540 mirifice,
903 1499 941 1531 R.
970 1499 1150 1538 Exemplar
1175 1509 1298 1531 morum

309 1548 451 1585 Christe,
481 1557 642 1589 coruscas,
1014 1557 1072 1580 nec
1108 1558 1170 1580 non
1206 1550 1373 1589 speculum
1402 1559 1513 1582 mona-

258 1598 319 1639 Qui
346 1602 410 1630 tam
437 1596 573 1629 mirifice
1220 1599 1364 1636 chorum,

255 1664 261 1670 -
308 1646 426 1680 Sidera
452 1645 560 1678 fuscas
966 1647 1065 1680 Paule
1092 1652 1198 1688 pater,
1227 1649 1350 1680 clarum

258 1696 418 1729 Exalrans
446 1696 594 1738 humiles,
1015 1706 1071 1728 nos
1088 1697 1150 1728 duc
1164 1705 1223 1736 per
1237 1698 1299 1729 iter
1316 1697 1373 1729 tibi
1389 1708 1513 1738 carum,

308 1745 455 1778 Gloriam
483 1746 563 1777 caeli
964 1746 1068 1778 Huius
1098 1746 1218 1777 deserti

259 1795 320 1835 Qui
349 1795 449 1827 Paulo
477 1795 618 1827 dederas
1013 1794 1066 1827 fac
1092 1805 1150 1827 nos
1175 1795 1346 1828 intendere
1374 1797 1480 1833 bellis,

306 1845 381 1876 Iure
408 1844 508 1886 fideli,
965 1844 1006 1878 Ut
1033 1849 1139 1876 tecum
1167 1846 1247 1877 certi

257 1894 317 1935 Qui
345 1903 405 1934 par
431 1893 590 1934 apostolis
1011 1894 1182 1934 iungamur
1200 1894 1233 1926 in
1248 1894 1380 1926 aethere
1396 1895 1513 1931 stellis,

306 1944 416 1983 Atque
443 1943 625 1983 prophetis.
899 1943 940 1975 V.
968 1943 1111 1975 Cernere
1140 1942 1191 1974 fac
1218 1949 1324 1975 tecum

997 1992 1158 2024 Christum
1175 1993 1381 2033 gaudereque
1392 2003 1513 2028 secum.

493 2102 534 2134 A.
565 2101 590 2135 O
618 2101 789 2141 praeclara
817 2101 899 2134 caeli
926 2102 1033 2134 stella.

566 2150 664 2183 I’aule
691 2157 796 2192 pater,
824 2151 904 2183 seda
931 2150 1028 2187 bella,

613 2200 650 2232 In
677 2209 786 2232 eremo
812 2210 894 2242 quae
921 2200 1072 2240 patimur,

565 2249 652 2290 iguis
679 2249 787 2288 ardet,
815 2249 944 2281 mordet
969 2258 1116 2289 serpens,

563 2298 689 2331 Gravat
715 2298 810 2331 labor
835 2303 932 2339 atque
958 2302 1093 2338 torpens

612 2347 708 2380 Mens
735 2347 792 2391 (Lx
821 2347 907 2384 Nos)
933 2347 1092 2381 Amalech
1119 2348 1319 2387 insequitur3

563 2397 636 2430 Due
661 2397 703 2430 ad
731 2401 872 2429 montem
902 2397 1045 2433 visionis,

563 2446 700 2479 Terram
727 2446 770 2479 ad
797 2446 1034 2489 promissionis,

613 2495 795 2538 Supemam
823 2496 1013 2529 Ierusalem.
