1650 2727
491 231 582 273 Ergo
607 241 668 273 pro
694 233 788 265 nobis
814 233 990 274 interpella
1015 237 1140 273 natum,

495 281 556 313 Pia
579 289 679 322 prece
707 281 795 314 dilue
821 286 958 322 reatum,

495 328 564 362 Nos
592 329 693 362 ducas
719 331 752 362 in
781 329 948 363 beatorum
977 334 1107 364 statum.

230 396 356 426 Collect.
378 406 432 425 ms.
452 396 637 433 Tegurinum
659 405 737 424 saec.
762 395 806 424 10.
832 398 908 425 Clm.
923 398 1083 425 Monac-en.
1110 394 1223 425 18628.
1244 397 1311 425 add.
1333 406 1410 425 saec.
1432 394 1507 425 ¹³)14.

151 433 221 470 (Mit
240 435 398 471 Neumen.)

611 492 659 523 75.
702 491 745 523 De
767 491 868 523 Beata
890 491 993 523 Maria
1013 491 1050 523 V.

430 555 462 588 1.
491 553 686 588 Humilitate
713 553 888 595 stringitur
914 555 1104 595 aeternitas,

488 603 533 635 Et
561 603 661 634 corde
685 611 768 642 puro
795 603 925 644 capitur
952 603 1147 644 benignitas,

539 651 594 684 Sic
618 651 733 683 mortis
760 651 875 684 umbra
903 651 1005 692 cingit
1032 652 1270 691 immortalem3

491 700 799 740 incircumscriptus
825 701 898 733 loco
925 701 1217 740 circumscribitur,

489 750 610 784 Cursus
637 753 772 781 naturae
799 749 847 781 bis
876 749 1018 782 decretis
1044 750 1177 790 labitur,

536 798 621 831 Dum
649 797 737 831 Deus
764 797 901 831 formam
929 798 1028 831 sumit
1054 799 1165 833 talem.

587 847 637 880 De
664 848 746 879 caeli
774 857 850 888 ergo
877 848 960 880 solio

488 896 616 930 Mariae
643 897 818 929 claustrum
847 897 981 929 verbum
1010 898 1166 936 visitavit,

588 946 633 979 Ut
660 955 717 978 nos
744 947 917 979 mundaret
946 947 1034 987 lolio,

490 995 597 1036 Caput
624 997 787 1035 serpentis
814 996 906 1036 virgo
933 997 1159 1036 conculcavi13

588 1044 730 1077 Adulter
756 1045 911 1085 princeps
938 1045 1075 1085 tollitur,

489 1093 627 1125 Maxilla
654 1093 835 1126 Leviathan
863 1092 1062 1135 perforatur,

588 1142 735 1183 Regnum
763 1143 831 1174 eius
860 1143 1051 1182 destruitur,

489 1191 661 1232 Emptitiis
688 1191 824 1224 libertas
853 1192 1067 1225 condonatur.

585 1240 640 1273 Sic
670 1240 857 1273 Holofernis
887 1241 1028 1273 demitur

636 1291 741 1330 Caput
769 1295 865 1330 atque
893 1289 1008 1323 Goliae

585 1338 703 1371 Funda
729 1349 827 1371 manu
854 1338 1005 1381 feminea,

590 1388 681 1420 Tunc
710 1389 861 1421 Hebraea

591 1437 702 1471 Cessat
730 1438 921 1471 immolatio,

644 1487 769 1520 Crescit
797 1487 900 1519 'morior
927 1488 1061 1520 Mariae.

429 1556 461 1589 2.
489 1554 563 1588 Non
589 1565 660 1587 sum
688 1555 805 1596 dignus
831 1556 945 1589 videre
972 1556 1055 1588 caeli
1081 1556 1215 1593 solium.

493 1604 633 1646 Propter
661 1610 797 1646 peccata
824 1605 931 1637 defluo
958 1610 993 1638 ut
1021 1605 1145 1644 folium,

540 1654 675 1687 Dormio
701 1654 815 1686 mortis
841 1654 957 1687 umbra
984 1660 1170 1696 soporatus,

492 1703 557 1736 Pro
584 1701 674 1736 fonte
700 1704 828 1744 peccati
855 1705 1042 1744 septenario

490 1752 625 1793 Mergor
652 1753 764 1785 delicti
791 1751 922 1786 flumine
950 1753 1087 1796 nefario,

540 1801 660 1834 Fremo
686 1802 853 1843 gehennae
882 1801 973 1835 freno
1001 1804 1180 1844 laqueatus.

598 1851 744 1884 Libellus
771 1852 901 1893 repudii

494 1899 599 1932 Datus
626 1901 705 1933 mibi
733 1900 818 1934 facie
844 1905 1044 1942 sanctorum,

593 1950 707 1983 Cessat
732 1960 807 1992 spes
834 1951 958 1994 auxilii,

494 1998 580 2032 Nam
608 2000 692 2033 duco
718 2001 825 2033 tristis
853 2000 994 2033 fructum
1022 2001 1195 2042 labiorum,

593 2049 627 2082 Si
655 2050 761 2082 dulcis
788 2059 839 2082 me
866 2051 1058 2092 despexeris

494 2098 615 2137 Maria,
644 2099 830 2132 revocatrix
857 2102 1127 2142 proscriptorum,

592 2149 769 2182 Cadentem
798 2149 831 2181 ni
858 2150 1015 2188 erexeris,

491 2197 572 2231 Mox
600 2197 784 2239 deputabor
809 2204 899 2231 sorte
927 2199 1171 2232 damnatorum.

592 2249 772 2280 Aeternum
798 2248 1008 2290 principium,

643 2296 742 2330 Mitte
768 2305 830 2340 me,
857 2298 885 2329 si
909 2297 1103 2340 praesumis,

595 2345 694 2379 Salva
718 2345 890 2387 praedulci
917 2347 1024 2387 gratia

591 2394 764 2435 Labentia,

593 2445 694 2486 Virgo
722 2444 830 2486 beata,
858 2453 986 2486 revoca,

647 2494 698 2527 Ex
727 2493 789 2526 hoc
814 2493 970 2527 honorem
997 2495 1109 2530 sumis.
