1650 2727
655 166 822 202 -131
881 185 929 190 -

211 264 304 299 Urbe
329 273 422 298 sacer
447 265 568 305 Iustus,

258 313 347 347 vitiis
382 313 433 345 vir
463 321 594 354 semper
619 313 757 349 inustus.

141 363 185 398 V.
210 363 279 396 Iste
303 361 383 403 fide,
406 361 517 394 verbis

260 420 321 453 pro
348 411 472 445 Christi
505 411 577 443 iure
608 410 760 452 superbis

211 459 374 494 obstabat
399 469 536 501 magnus

261 515 396 553 martyr,
425 509 512 541 mitis
534 509 623 541 velut
645 518 758 550 agnus.

153 628 186 662 2.
214 625 367 658 Sanctum
396 626 568 658 credentes

265 678 433 716 postquam
453 684 594 715 genuere
608 678 762 715 parentes

216 724 351 762 Iustum,
379 732 414 756 se
442 724 573 757 Christo

265 773 386 805 mundo
413 773 572 804 commisit
599 762 632 804 iii
659 773 733 811 isto,

216 821 355 854 Actibus
382 822 414 853 in
441 822 563 854 sanctis

266 871 444 903 observans
465 871 552 902 iussa
579 870 734 905 tonantis.

147 920 188 954 V.
217 919 280 952 Pro
307 928 407 960 regno
433 919 557 953 Christi

270 968 345 1009 quia
359 973 495 1000 mortem
510 972 628 1009 sponte
637 968 765 1012 subisti,

221 1017 352 1050 Gaudes
379 1018 412 1049 in
440 1017 540 1050 caelis

274 1075 344 1098 cum
371 1067 476 1109 iustis,
504 1066 592 1098 iuste
617 1065 737 1100 fidelis.

164 1185 196 1217 3.
225 1182 310 1215 Dum
337 1191 431 1215 sacer
456 1182 508 1215 hic
535 1184 651 1216 turbae

271 1232 420 1272 Tergesti
448 1230 549 1264 ferret
575 1233 608 1265 in
635 1234 715 1267 urbe

220 1280 369 1313 Iustitiae
394 1281 501 1313 lumen

269 1329 346 1362 fidei
374 1330 544 1362 condendo
567 1339 731 1370 cacumen,

219 1378 408 1420 Magnatius
434 1387 567 1419 praeses

267 1427 414 1460 barathri
426 1437 500 1460 mox
511 1426 655 1461 frenduit
671 1429 766 1461 heres

219 1476 256 1509 In
285 1485 414 1509 servum
442 1476 563 1509 Christi

268 1525 422 1558 minitans
437 1526 500 1558 sibi
511 1526 648 1559 verbere
659 1527 744 1559 tristi
756 1536 764 1568 ς

151 1573 192 1609 V.
219 1573 311 1607 Tunc
337 1575 411 1606 lesu
437 1575 553 1616 dignus

267 1628 402 1666 martyr,
423 1632 483 1664 per
497 1628 613 1657 cuncta
629 1624 797 1667 benignus,

219 1671 392 1714 Exoptans
419 1673 584 1706 Christum

268 1722 471 1755 minitantem
481 1731 544 1755 non
555 1723 762 1757 timetistum.

250 1908 296 1940 In
334 1909 364 1941 2.
394 1907 630 1943 Nocturno.

343 1995 545 2032 Antiphonae.

157 2105 189 2138 1.
215 2104 365 2138 Iustitiae
390 2106 502 2149 solem,

266 2154 342 2196 quia
363 2155 529 2188 Christum
547 2156 656 2189 Iustus
675 2159 808 2200 amavit,

213 2202 310 2236 Hunc
335 2205 463 2246 scitote,
491 2205 548 2246 pii,

263 2253 422 2287 Dominus
457 2255 534 2296 quia
559 2254 758 2291 mirificavit.

154 2371 187 2407 2.
213 2369 281 2404 Iste
308 2370 438 2406 domum
466 2373 596 2406 Domini

261 2419 340 2454 fidei
365 2422 486 2455 virtute
516 2423 663 2464 regebat,

210 2469 272 2510 Qui
297 2471 375 2504 fidei
401 2476 495 2505 scuto

260 2529 319 2554 ceu
345 2521 437 2554 sidus
459 2522 494 2554 in
511 2524 603 2554 astra
620 2520 759 2554 nitebat.

860 266 894 299 3.
920 264 1046 302 Gloria,
1072 265 1144 297 laus
1170 268 1203 297 et
1228 264 1332 298 honor

945 313 1096 346 Christus
1115 313 1204 346 Deus
1227 318 1323 355 atque
1347 323 1469 348 corona

894 362 1055 402 Martyris
1080 366 1131 393 est
1156 363 1252 400 Iusti,

943 411 1003 443 sibi
1033 411 1115 443 dans
1142 411 1297 443 caelestia
1325 411 1420 443 dona.

1037 537 1253 571 Responsoria.

862 616 893 648 1.
923 614 981 646 Vir
1007 614 1138 646 Domini
1167 616 1284 656 Iustus,

945 663 1023 696 fidei
1049 663 1110 695 sub
1136 664 1279 704 tegmine
1304 667 1405 703 tutus,

897 711 970 744 Non
998 712 1152 744 dubitans
1181 713 1346 745 Christum

947 761 1098 794 venerari
1132 765 1210 794 tunt:
1241 762 1444 800 crucifixum,

899 811 1014 844 Coram
1043 809 1211 851 praefecto

971 860 1145 900 respondit
1171 859 1293 892 famine
1321 864 1429 901 reet03

830 909 869 941 V.
898 909 961 941 Hic
987 909 1160 949 inquisitus

947 957 1025 990 fidei
1053 959 1094 990 de
1120 958 1189 990 iure
1218 959 1354 998 peritus,

900 1007 1012 1040 Mente
1039 1007 1169 1047 quidem
1197 1017 1278 1039 sana

951 1060 1161 1088 contemnens
1182 1057 1273 1088 idola
1298 1066 1393 1090 vana.

842 1155 876 1187 2.
903 1153 995 1185 Tunc
1020 1158 1169 1185 sanctum
1196 1163 1298 1186 vanus

952 1202 1138 1242 Magnatius
1165 1203 1220 1234 ille
1248 1207 1406 1243 tyrannus

902 1251 1043 1285 earcere
1068 1252 1239 1293 conclusit,

951 1300 1020 1333 sed.
1054 1310 1124 1332 cum
1154 1301 1207 1333 lux
1236 1301 1341 1333 altera
1370 1301 1472 1342 fulsit,

901 1349 1055 1382 Orantem
1084 1351 1180 1381 istum

952 1398 1059 1430 renuit
1091 1399 1131 1429 de
1159 1408 1291 1431 carcere
1317 1399 1460 1431 ductum.

834 1448 873 1481 V.
901 1447 996 1479 Hunc
1023 1447 1117 1480 iussit
1144 1449 1248 1480 servis

952 1497 1062 1528 niudis
1089 1495 1237 1538 affligere
1261 1498 1381 1537 nervis,

902 1545 1105 1578 Laudantem
1130 1546 1297 1578 Christum

949 1595 1135 1633 Dominum,
1152 1596 1258 1627 Iesum
1271 1595 1474 1631 crucifixum.

838 1695 871 1728 3.
900 1693 967 1725 Iste
995 1694 1077 1725 mori
1103 1693 1228 1726 lucrum

948 1752 1008 1790 pro
1024 1742 1145 1775 Christi
1166 1743 1295 1775 nomine
1309 1745 1447 1776 multum

900 1791 1049 1825 Credidit
1078 1796 1109 1824 ot
1137 1792 1303 1825 Christum

946 1850 1076 1881 semper
1111 1842 1211 1873 coluit
1243 1843 1447 1883 crucifixum,

899 1889 1024 1930 Optans
1053 1894 1125 1931 post
1153 1891 1248 1923 i>tam

948 1939 1119 1972 caelestem
1150 1940 1270 1972 ducere
1298 1941 1420 1981 vita1113

832 1988 869 2021 V.
899 1988 1002 2021 Verus
1030 1999 1120 2021 amor
1149 1990 1270 2022 Christi

946 2039 993 2070 sic
1019 2039 1103 2071 iusto
1131 2038 1274 2080 praefuit
1303 2040 1369 2079 isti,

897 2088 990 2128 Quod
1018 2089 1097 2120 nihil
1126 2089 1158 2120 in
1186 2093 1276 2120 terra

948 2142 1083 2178 cuperet
1111 2138 1172 2169 nisi
1200 2138 1270 2170 sola
1292 2148 1446 2181 superna.

940 2296 985 2328 In
1015 2296 1046 2330 3.
1076 2296 1316 2329 Nocturno.

1023 2383 1225 2420 Antiphonae.

838 2473 869 2506 1.
894 2473 1003 2506 Iustus
1029 2477 1061 2504 te
1091 2474 1248 2506 Dominus

946 2522 1074 2566 dilexit,
1103 2522 1191 2555 Iuste
1218 2523 1324 2563 beate,

1247 2579 1289 2608 9.
