1650 2727
700 125 943 159 -03—

514 405 780 450 Cantiones
817 404 878 450 de
911 403 1121 449 Sanctis.

603 659 647 689 77.
691 658 733 689 De
756 658 867 690 sancto
891 657 1030 689 Nicolao.

177 762 209 794 1.
237 761 546 802 incomparabiliter

287 810 365 845 Cum
393 810 597 851 iucunditate

237 859 445 892 Gaudeamus
471 859 598 900 pariter

284 910 323 942 In
350 909 412 942 bac
437 909 668 942 sollemnitate.

235 1016 273 1048 In
301 1014 385 1049 festo
412 1016 578 1048 beatorum

236 1064 343 1097 Huius
372 1068 404 1097 et
429 1065 566 1098 aliorum

208 1138 211 1139 γ
235 1113 339 1145 Decet
364 1114 465 1146 melos
493 1122 644 1146 canorum

234 1162 315 1195 Dari
340 1163 411 1196 Deo
437 1163 581 1196 deorum.

236 1211 279 1244 Hi
306 1218 382 1244 sunt
407 1212 506 1254 beati,
534 1221 670 1252 quorum

235 1261 334 1294 Pater
360 1265 409 1294 est
436 1270 494 1294 rex
523 1262 684 1294 caelorum

235 1310 393 1343 Nicolaus
420 1311 574 1344 elisorum

235 1360 298 1392 Per
323 1360 454 1393 saecula
479 1360 695 1393 saeculorum.

153 1465 206 1500 R⁰
233 1466 366 1499 Festum
394 1476 470 1508 ergo
494 1466 670 1508 pontificis,

236 1517 305 1548 Iam
331 1516 447 1548 sociati
475 1516 616 1553 caelicis,

239 1565 319 1598 Cum
346 1565 495 1598 cantibus
523 1565 669 1598 mirificis

238 1616 348 1656 Atque
375 1615 480 1647 modis
506 1615 670 1655 organicis

239 1663 426 1696 Festivetur
451 1674 470 1697 a
496 1664 638 1707 clericis,

884 762 917 793 2.

861 1466 916 1498 Ro

239 1712 303 1746 Sed
329 1714 468 1746 maxime
494 1713 711 1746 scholasticis.

945 759 1241 792 innumerabilibus

994 809 1122 842 Nicolai
1150 809 1217 841 vita

945 858 1080 891 Clarens
1107 858 1204 890 claris
1232 857 1358 889 actibus

993 907 1039 941 Ut
1064 908 1199 948 gemmis
1225 907 1388 939 redimita.

942 1015 1094 1047 Nondum
1122 1014 1222 1046 verba
1250 1012 1391 1046 formare

942 1064 1047 1096 Norat
1073 1066 1106 1095 et
1131 1063 1336 1104 praedicare,

943 1113 1043 1145 Novit
1071 1112 1133 1144 iarn
1161 1112 1308 1145 ieiunare

942 1162 986 1194 Et
1013 1171 1032 1194 a
1059 1162 1207 1194 mammis
1235 1170 1375 1197 cessare.

943 1211 1069 1251 Incepit
1097 1211 1258 1252 castigare

943 1260 1068 1300 Corpus
1096 1270 1189 1293 suum
1219 1269 1330 1293 amare

943 1335 1318 1344 .......

943 1384 1318 1394 -------

943 1465 1076 1498 Festum
1105 1474 1182 1506 ergo
1208 1464 1384 1509 pontificis,

945 1515 1013 1547 lam
1040 1515 1158 1547 sociati
1185 1515 1328 1553 caelicis,

945 1564 1026 1597 Cum
1054 1564 1204 1597 cantibus
1230 1564 1378 1596 mirificis

945 1615 1053 1655 Atque
1080 1613 1186 1646 modis
1211 1614 1375 1654 organicis

945 1663 1133 1696 Festivetur
1159 1672 1178 1695 a
1204 1663 1346 1703 clericis,

946 1712 1010 1745 Sed
1038 1713 1179 1746 maxime
1205 1712 1419 1745 scholasticis,

524 1824 557 1855 3.
586 1822 691 1854 Decet
716 1821 823 1862 ipsum
849 1822 980 1862 precari

586 1871 630 1904 Et
656 1871 740 1904 iuste
768 1871 928 1910 venerari,

587 1920 648 1961 Qui
674 1924 768 1953 natas
793 1919 945 1961 lupanari

587 1971 656 2003 Iam
683 1970 777 2003 datas
805 1970 952 2002 revocari

586 2020 679 2052 Fecit
704 2020 815 2061 eisque
842 2019 915 2052 dari

585 2069 668 2103 Auri
695 2069 823 2112 pondus
850 2068 1025 2110 praeclari,

586 2120 640 2152 Sic
666 2122 794 2160 patrem
821 2118 983 2151 consolari

589 2168 709 2202 Volens
735 2172 765 2200 et
793 2167 852 2200 has
878 2167 1015 2200 servan'.

506 2266 560 2301 R⁰
587 2267 722 2300 Festum
750 2275 828 2307 ergo
855 2264 1021 2307 pontificis
1047 2270 1109 2297 etc.

214 2377 306 2414 Trop.
328 2385 382 2405 ms.
403 2376 602 2405 Martialense
628 2383 706 2403 saec.
728 2371 774 2401 12.
799 2371 860 2410 [13.
886 2369 1312 2410 14.].t:0d.i³arisin.11:²›9.
1335 2367 1496 2400 —1.10

133 2420 163 2446 et
184 2426 246 2446 rex.
261 2415 343 2450 -1,
367 2415 402 2444 11
417 2417 505 2445 Lies:
528 2414 730 2444 elericorum?
747 2427 783 2433 —
802 2410 886 2446 1,15
908 2413 1042 2441 sociasti.
1058 2427 1096 2431 —
1114 2411 1138 2446 1,
1162 2410 1199 2441 18
1220 2411 1277 2438 hac
1295 2410 1440 2438 clercicis.
1459 2423 1494 2428 —

132 2454 162 2491 2,
182 2455 200 2484 7
225 2457 320 2486 Novit
341 2465 422 2484 nam.
444 2471 482 2477 —
500 2455 566 2483 Vot
586 2452 614 2488 3,
637 2452 652 2481 1
676 2453 819 2481 scheinen
841 2452 906 2480 vier
920 2450 1024 2480 Zeilen
1040 2461 1077 2480 zu
1091 2451 1200 2480 fehlen.
1219 2465 1253 2470 -
1271 2448 1300 2482 3,
1321 2447 1340 2478 2
1355 2449 1396 2477 Et
1410 2452 1495 2476 usti-a

131 2496 282 2526 venerari.
303 2509 342 2516 -
363 2494 391 2530 3,
414 2492 434 2523 3
456 2498 538 2524 nata.
561 2508 598 2513 —
619 2492 647 2527 3,
668 2492 688 2521 4
709 2492 789 2520 data.
811 2506 847 2511 —-
870 2488 897 2526 3,
919 2489 938 2520 8
960 2491 1073 2519 Volens
1096 2494 1126 2519 et
1146 2491 1305 2519 asservari.
