1650 2727
711 138 978 174 —105—

612 260 678 293 124.
719 260 764 293 Dc
783 261 922 302 corpore
944 261 1077 294 clu-isti.

178 352 212 386 1.
237 348 332 386 Iesus
357 351 508 384 christus
545 352 621 384 dum
653 353 813 393 cernitur,
887 355 920 388 4.
948 351 1046 387 Omni
1071 354 1156 385 bono
1182 359 1421 398 augmentatur,

237 400 269 434 A
294 401 381 433 veris
406 401 478 442 ipse
505 400 633 443 colitur,
947 401 1008 441 Qui
1035 406 1066 433 te
1094 400 1158 433 fide
1185 403 1383 442 speculatur,

239 448 346 482 Corde
371 452 482 482 tamen
507 449 684 491 purissimo
946 450 1040 483 Bone
1066 452 1153 492 Iesu,
1182 452 1335 483 miserere

238 497 399 531 Canamus
420 497 489 539 regi
515 497 668 531 Domino.
947 499 1096 532 Omnium
1124 504 1270 532 nostrum
1298 506 1331 532 tu
1359 509 1445 533 vere.

177 587 210 620 2.
239 582 382 626 Agmina
408 585 599 625 angelorum
891 588 923 620 5.
951 583 1064 628 Bonis,
1092 587 1180 618 sanis
1207 587 1410 618 sumentibus

238 635 418 667 Astantant
443 643 529 666 nunc
554 633 767 666 sacerdotum
951 635 1014 667 Est
1040 632 1176 667 refectio
1203 635 1377 676 mentibus,

236 682 392 716 Manibus
418 681 554 715 offertur
581 679 664 727 [pia]
951 683 1090 725 indigne
1118 685 1320 716 sumentibus

235 732 302 766 Pro
327 731 481 764 fidelibus
509 729 686 776 [victima].
950 733 1011 765 Est
1040 733 1270 765 detrimentum
1298 733 1430 775 talibus,

175 822 212 854 3.
240 815 369 860 Corpus
397 820 520 854 Christi
549 820 748 860 immolatur,
891 823 923 856 ὅ.
952 818 997 855 Ut
1023 830 1087 853 non
1114 821 1271 853 accedant
1301 821 1433 863 infirmi,

240 869 284 903 Ut
311 880 331 902 a
357 873 461 902 matre
489 874 674 911 generatur,
949 869 1135 902 Imbecilles
1164 874 1195 902 et
1222 870 1359 909 indigni,

237 919 343 950 verus
370 918 478 959 homo,
507 927 603 950 verus
632 918 731 957 Deus,
951 920 994 952 Ut
1023 918 1125 950 refert
1152 919 1332 960 apostolus,

238 968 314 1000 Pius
341 967 500 1001 liberator
525 976 625 1002 meus.
950 969 1010 1000 llle
1039 969 1153 1000 doctor
1180 968 1340 1008 egregius.

532 1056 563 1089 7.
591 1053 698 1096 Samis,
726 1055 820 1087 bonis
847 1056 972 1097 inquit:
1002 1056 1057 1093 ite,

594 1104 736 1137 Salutem
766 1108 908 1136 vestram
936 1105 1094 1145 quaerite,

593 1154 676 1186 Nam
703 1163 862 1185 summum
893 1154 1010 1186 bonum
1039 1154 1127 1186 Deus
1155 1157 1212 1195 est,

591 1203 682 1242 Quod
711 1203 815 1235 maius
844 1212 891 1247 eo,
921 1203 1002 1235 nihil
1031 1207 1090 1236 est.

245 1291 332 1316 (ant.
366 1299 418 1316 ms.
450 1289 602 1326 Pragense
629 1290 814 1321 (Wenceslai
845 1290 882 1318 de
909 1290 1094 1326 Wyskytna]
1126 1292 1194 1318 anni
1232 1288 1314 1318 1512.
1344 1290 1414 1317 Cod.
1445 1291 1524 1317 Mus.

164 1328 286 1356 Boheni.
310 1328 385 1357 XIII
407 1330 432 1356 A
455 1327 480 1356 2.
504 1344 540 1348 —
567 1330 629 1357 Der
650 1329 780 1357 Einfluss
808 1329 860 1357 des
889 1330 1127 1366 nachfolgeuden
1153 1331 1262 1358 Limles
1291 1330 1459 1357 ;1=1t'1li‹—ses
1486 1331 1526 1356 ist

163 1368 407 1396 unverkennhar.
449 1369 534 1396 Nacli
561 1369 627 1396 dem
651 1369 855 1397 Akrostiehon
882 1370 990 1397 diii-feu
1018 1371 1071 1397 wir
1096 1370 1175 1397 wohl
1202 1370 1425 1397 lacuhclliu
1452 1377 1525 1396 von

162 1407 257 1435 Mies
284 1408 330 1435 fiir
351 1407 409 1436 den
430 1408 587 1436 versasser
609 1408 721 1436 halten.

616 1543 678 1576 125.
721 1543 762 1575 De
784 1543 920 1585 Corpore
943 1543 1071 1576 Christi.

178 1636 210 1668 1.
241 1633 333 1670 lesus
361 1635 523 1675 Christus,
551 1640 664 1668 nostra
691 1636 793 1678 salus,
888 1639 921 1670 5.
950 1633 1021 1671 Non
1048 1646 1081 1669 es
1109 1638 1215 1678 panis,
1242 1637 1300 1669 sed
1329 1647 1362 1669 es
1392 1638 1478 1670 Deus

241 1686 335 1725 Quod
363 1685 519 1717 reclamat
547 1686 652 1718 omnis
679 1686 795 1726 malus,
950 1686 1067 1726 Homo,
1095 1686 1255 1718 liberator
1282 1696 1381 1720 meus.

240 1733 346 1767 Nobis
371 1735 422 1767 sui
444 1735 634 1767 memoriam
948 1736 995 1770 Ut
1020 1736 1054 1767 in
1081 1745 1177 1767 cruce
1206 1736 1393 1777 pependisti

240 1783 341 1816 Dedit
368 1784 400 1815 in
429 1785 537 1816 curnis
565 1783 716 1819 hostiam,
948 1785 993 1817 Et
1018 1785 1050 1816 iu
1081 1795 1178 1817 carne
1206 1785 1367 1819 defecisti.

178 1874 210 1906 2.
239 1869 269 1908 0
297 1882 393 1913 quam
419 1876 552 1905 sanctus
579 1872 673 1913 panis
700 1873 799 1920 iste!¹
889 1876 920 1908 6.
950 1870 1023 1907 Non
1051 1878 1188 1915 augetur
1216 1879 1426 1907 consecratus

240 1923 291 1955 Tu
317 1922 406 1955 solus
432 1931 480 1962 ee,
506 1923 582 1955 lesu
609 1922 752 1963 Christe,
949 1922 1020 1955 Nec
1046 1931 1235 1955 consuimus
1262 1924 1297 1955 fit
1326 1929 1467 1958 mutatus

237 1972 333 2009 Caro,
362 1971 464 2014 cibus,
493 1976 747 2013 sacramentum,
950 1972 1020 2004 Nec
1048 1972 1172 2004 divisus
1202 1974 1231 2004 in
1262 1972 1407 2005 fractura

236 2022 308 2062 Quo
326 2030 490 2062 nunquam
509 2022 613 2054 maius
630 2022 811 2057 inventum.
948 2022 1072 2054 Plenus
1099 2021 1188 2055 Deus
1215 2022 1247 2054 in
1274 2027 1413 2057 statura.

174 2111 208 2144 3.
234 2107 313 2145 Hoc
340 2111 460 2144 donum
487 2111 660 2143 suavitatis
889 2112 920 2145 7.
948 2108 1036 2145 Esca
1063 2112 1162 2153 digna
1189 2113 1390 2152 angelorum,

236 2160 430 2201 Caritasque
458 2160 602 2202 deitatis,
951 2161 1088 2193 Pietatis
1115 2161 1170 2193 lux
1198 2166 1398 2194 sanctoruni.

235 2209 351 2243 Virtus
378 2213 411 2241 et
437 2209 646 2250 eucharistia,
947 2211 1017 2243 Lex
1044 2212 1201 2243 moderna
1228 2210 1438 2251 adprobavit,

236 2258 480 2292 communionis
506 2259 623 2300 gloria.
947 2259 1040 2300 Quod
1067 2260 1201 2300 antiqua
1229 2260 1449 2300 prophetavit.

175 2348 209 2382 4.
235 2344 311 2382 Ave
337 2347 471 2389 pietatis
497 2346 615 2388 forma,
887 2350 919 2384 8,
948 2344 1100 2382 Salutare
1125 2348 1338 2390 medicamen,

235 2395 300 2429 Dei
324 2396 455 2430 unionis
480 2406 606 2440 norma,
948 2398 1161 2431 Peccatorum
1190 2398 1386 2437 relevamen,

236 2446 275 2480 In
302 2449 335 2478 te
359 2445 496 2488 quisque
523 2446 719 2487 delectatur,
947 2447 1052 2480 Pasce
1078 2455 1148 2486 nos,
1177 2457 1195 2478 a
1224 2447 1317 2478 malis
1344 2447 1426 2487 leva,

237 2495 298 2537 Qui
324 2499 358 2528 te
383 2494 450 2528 fide
476 2495 677 2538 speculatur.
719 2491 730 2501 ’
947 2496 1021 2529 Duc
1046 2499 1132 2538 post,
1161 2496 1215 2528 ubi
1242 2496 1298 2528 lux
1326 2501 1375 2527 est
1401 2504 1492 2528 aeva.
