1650 2727
646 121 888 156 „62—

133 225 165 256 2.
194 224 337 256 Ornatur
368 226 460 254 scuto
486 221 563 253 fidei

245 270 367 304 Christi
395 271 487 302 miles
512 269 666 310 invictus,

193 321 319 361 Dignus
347 328 418 351 cum
445 319 553 359 palma
580 317 716 360 provehi

244 368 298 401 Ad
323 369 447 401 caelum
475 367 678 400 benedictus.

135 438 166 470 3.
196 436 303 470 Caelis
330 437 448 468 emisso
475 436 586 467 nuntio

243 487 272 517 A
297 485 368 517 Deo
392 485 553 522 visitatur,

196 535 338 573 Honore,
365 533 472 571 laude,
500 532 645 575 praemio

244 583 390 616 Coronae
417 582 601 613 decoratur.

313 668 525 703 Respcmsoria.

142 731 172 763 1.
202 727 329 767 Capillo
357 735 416 767 pro
442 726 582 766 tegmine

250 776 380 807 Nudum
417 784 535 814 corpus
559 773 744 813 obducitur,

202 825 361 857 Radicum
388 824 420 855 in
448 823 553 854 esurie

251 872 394 904 Virentis
422 871 541 903 herbae
570 869 699 908 fruitur,

202 922 274 953 Tali
303 930 372 952 cum
400 920 621 952 moderamine

251 970 395 1001 Daemon
424 969 527 999 victus
555 967 680 999 eicitur.

133 1019 172 1051 V.
201 1020 315 1057 Aquae
342 1026 493 1048 mensura
519 1015 644 1047 bibitur

253 1067 329 1098 Vini
355 1070 467 1106 spreta
495 1064 679 1103 dulcedine,

204 1115 342 1147 Hostilis
369 1113 458 1146 fraus
485 1112 663 1152 depellitur

251 1164 437 1203 illaqueans
464 1161 657 1195 mulcedine.

143 1233 175 1264 2.
205 1231 395 1263 Mirandum
410 1234 470 1271 est,
489 1229 576 1270 quod
591 1229 748 1269 creditur,

254 1280 287 1312 Si
315 1288 471 1310 summum
499 1282 737 1310 sacramentum

209 1328 406 1367 Presbytero
434 1326 604 1358 conficitur

256 1377 320 1408 Per
356 1374 479 1408 Christi
511 1376 750 1413 documentum,

207 1426 235 1456 A
264 1429 376 1456 sancto
403 1424 472 1456 viro
499 1424 637 1455 sumitur

255 1472 376 1505 Salutis
403 1473 435 1504 in
463 1477 680 1511 augmentum.

138 1522 176 1555 Y.
205 1523 297 1560 Quod
325 1521 442 1562 agitur,
470 1520 641 1559 spiritibus

255 1570 382 1601 Sanctis
410 1569 601 1601 ratificatur.

212 1619 320 1650 Virtus
347 1618 482 1650 sacratis
510 1617 625 1649 ritibus

258 1667 379 1698 Divina
407 1675 468 1698 non
496 1666 625 1706 ligatur.

150 1736 180 1768 3.
213 1734 275 1766 Sex
303 1735 414 1766 lustris
439 1743 522 1774 pane
550 1734 695 1772 pascitur

260 1783 412 1814 Mirando
440 1783 489 1814 vir
516 1782 639 1818 beatus,

212 1832 422 1872 Pampnutius
449 1831 626 1872 suscipitur

259 1880 387 1920 Hospes
415 1879 499 1911 fame
525 1880 664 1922 laxatus,

212 1929 321 1961 Verbo
347 1929 408 1960 Dei
434 1928 579 1960 reficitur

261 1977 388 2009 Virtute
416 1977 587 2011 solidatus,

141 2027 179 2057 V.
212 2026 355 2066 Uterque
382 2035 466 2067 pane
494 2026 636 2057 vescitur

260 2075 351 2106 'l'unc
378 2075 503 2114 integro
532 2075 652 2116 delato,

212 2123 362 2164 Largitor
389 2123 596 2155 benedicitur

259 2171 386 2213 Egcnte
412 2176 569 2206 saturam.

254 2279 295 2312 In
322 2281 355 2314 3.
382 2279 440 2312 No
456 2284 618 2312 cturno.

334 2341 533 2376 Antiphonae.

157 2408 185 2440 1.
213 2406 276 2438 Hic
302 2406 406 2439 iustus
433 2406 502 2438 sine
530 2407 655 2439 macula

263 2455 370 2489 Ver-ax
397 2461 428 2488 et
454 2460 641 2489 mansuetus

897 217 1027 252 Dilecta
1054 215 1266 250 tabernacula

947 267 1034 300 Colit
1059 267 1122 299 iam
1149 265 1220 298 Deo
1247 262 1362 296 fretus.

837 367 870 399 2.
898 365 1016 397 Vultus
1042 364 1145 396 divini
1171 362 1252 394 visio

949 413 1060 446 Virum
1089 413 1209 444 virtute
1235 415 1361 452 gratum

899 462 1068 502 Completo
1095 460 1259 492 desiderio

947 509 1119 543 Laetificat
1149 508 1288 540 beatum.

839 610 872 642 3.
898 607 963 641 Hic
985 616 1142 648 quaerens
1169 606 1230 638 Dei
1259 604 1375 637 faciem

947 656 1028 688 Eius
1053 655 1141 688 subit
1166 655 1200 686 in
1229 659 1380 694 montem,

901 705 1134 744 Contemplans
1160 703 1220 734 Dei
1248 702 1401 743 speeiem.

951 753 1072 785 Beatae
1098 752 1182 784 vitae
1209 750 1342 784 fontem.

1019 868 1230 903 Respousoria.

844 950 876 980 1.
903 946 1014 979 Oculis
1040 954 1079 977 ac
1103 945 1253 977 manibus

954 995 990 1026 In
1017 994 1140 1026 caelum
1168 993 1304 1025 elevatis

906 1043 1063 1084 Iungebat
1091 1051 1203 1084 preces
1231 1042 1384 1083 precibus

954 1092 1089 1124 Devotis
1115 1090 1298 1130 impetratis

907 1140 1041 1173 Gratiae
1068 1139 1255 1171 muneribus

956 1193 982 1222 A
1011 1189 1100 1221 fonte
1126 1188 1292 1222 bonitatis.

838 1240 877 1272 V.
905 1237 1081 1277 Migrantis
1107 1237 1178 1269 luce
1210 1237 1326 1268 claruit

956 1286 1077 1319 Vultus
1102 1286 1165 1318 viri
1189 1285 1355 1322 mirificus,

908 1335 1029 1367 Locum
1056 1334 1224 1367 mirandus
1252 1333 1367 1366 imbuit

957 1384 1046 1416 Odor
1071 1388 1105 1414 ut
1136 1383 1343 1417 aromaticus.

848 1483 879 1513 2.
908 1480 960 1512 Ad
985 1480 1089 1512 sancti
1117 1479 1176 1511 viri
1203 1479 1375 1511 transitum

958 1529 1151 1561 Sanctorum
1179 1529 1296 1560 chorus
1319 1528 1451 1560 advenit

910 1577 1040 1609 Laudes
1066 1577 1136 1609 Deo
1162 1577 1358 1618 canentium,

960 1626 1108 1658 Christus
1118 1626 1160 1658 ad
1172 1625 1454 1666 caelumprovehit

911 1675 1037 1716 Virum,
1069 1683 1163 1714 quem
1191 1684 1288 1707 carne
1315 1674 1455 1714 positum

960 1723 1063 1756 Donis
1089 1724 1239 1763 supernis
1267 1723 1391 1754 imbuit.

842 1772 880 1806 V.
909 1773 1086 1812 Tamquam
1115 1772 1265 1805 columba
1291 1771 1433 1804 candida

961 1821 1048 1852 Petit
1073 1820 1181 1853 anima
1206 1821 1310 1852 Deum

912 1870 950 1902 In
977 1870 1065 1902 omni
1090 1870 1158 1901 vita
1183 1869 1310 1907 nitidag

962 1918 1062 1950 Prece
1088 1918 1253 1958 pulsemus
1279 1927 1363 1951 eum.

853 2017 885 2048 3.
913 2016 980 2048 Leo
1009 2015 1161 2057 deplorat
1186 2021 1346 2047 mortuum

963 2064 1122 2097 Curvatas
1149 2070 1181 2096 et
1207 2064 1335 2106 adorat,

913 2114 1014 2146 Fodit
1039 2114 1072 2146 iu
1099 2122 1204 2154 ungue
1231 2114 1400 2155 tumulum,

962 2162 1176 2203 Pampnutius
1201 2167 1238 2194 ut
1264 2167 1346 2204 orat,

916 2211 1049 2243 Nudum
1076 2211 1139 2243 viri
1165 2212 1395 2251 corpusculum

964 2260 1090 2300 Tegens
1117 2260 1216 2292 vestis
1244 2260 1392 2295 honorat.

850 2309 889 2344 V.
916 2309 1091 2342 Translate
1118 2313 1212 2350 patre
1238 2309 1383 2342 concidit

965 2357 1080 2390 Palma
1106 2367 1178 2390 cum
1204 2367 1263 2390 sua
1289 2358 1418 2399 cellula,

916 2407 1130 2448 Pampnutius
1156 2407 1238 2440 haec
1264 2408 1406 2440 concinit

965 2455 1046 2489 Eius
1072 2456 1159 2489 vitae
1185 2456 1353 2491 miracula.
