1650 2727
711 138 954 175 -34-

252 233 372 268 Febris
397 233 526 268 flamma
552 237 716 270 cruciatus
896 239 930 272 4.
956 237 1051 270 Beati
1078 246 1196 278 corpus
1222 235 1367 270 Amandi

254 283 360 325 Super
384 283 502 318 arbore
528 286 661 319 dormiit
954 285 1000 318 Et
1025 286 1094 319 eius
1119 286 1277 327 reliquiae

252 332 297 365 Et
323 342 343 365 a
368 343 480 367 somno
507 335 666 367 excitatus
957 334 1204 368 Suntinventae
1214 343 1274 375 per
1284 333 1506 376 Ramulphum

255 381 358 415 Sanus
386 381 490 416 factus
515 383 605 416 abiit.
954 382 1017 416 Die
1043 389 1178 424 quartae
1202 382 1314 417 feriae.

194 459 228 493 2.
255 459 292 492 In
319 460 433 493 tumuli
459 463 628 502 apertione
897 464 928 494 5.
958 461 995 493 In
1023 461 1122 494 caelis
1149 465 1199 492 est
1225 460 1371 492 elevatus

255 509 299 541 Et
326 510 471 550 corporis
498 510 683 543 inventione
956 509 1126 543 Amandus
1152 512 1183 540 et
1209 509 1375 541 iaureatns

254 558 306 591 Ex
332 558 486 590 membris
512 559 617 591 sancti
639 558 795 599 Amandi‚
957 560 986 592 A
1013 558 1154 595 Christo,
1184 559 1274 590 cuius
1301 566 1412 590 amore

257 605 459 640 Confessoris
484 608 672 642 venerandi,
957 606 1072 639 Nitido
1099 607 1181 639 vixit
1208 614 1355 646 corpore.

254 655 377 688 Tantus
404 655 485 688 odor
510 657 683 694 emanavit,
1226 694 1233 699 ‚

255 704 347 743 Quod
375 713 485 736 omnes
512 714 587 737 vere
604 705 795 746 languentes
1053 692 1101 719 Ad
1124 692 1312 721 Benedictus.

254 753 308 785 Ad
334 753 518 793 sepulcrum
547 752 744 785 confluentes
885 753 926 785 A.
955 751 1062 785 Hodie
1090 753 1317 785 canonicorum

256 800 411 841 Sospitati
439 802 645 834 restauravit.
957 800 1097 833 Devotio
1124 809 1161 833 ac
1188 805 1321 834 sanctae
1348 810 1462 834 manus

958 848 1112 881 Sanctum
1140 857 1257 890 corpus
1285 850 1481 882 invenerunt

957 898 1100 930 Amandi
1127 901 1159 930 et
1187 899 1425 931 transtulerunt

959 946 1055 978 quta
1081 946 1220 986 thecam,
1245 946 1278 978 in
1305 956 1368 988 qua
1394 947 1478 980 iacet

381 994 579 1029 Antiphonae.
959 993 1187 1027 Sanctissimus
1215 996 1380 1028 Iunianus.

324 928 369 959 In
397 928 632 961 Laudibus,

197 1065 228 1096 1.
255 1064 424 1095 Amandus
453 1068 502 1094 est
527 1063 721 1102 nominatus,

256 1113 378 1143 Amans
405 1111 509 1144 Deum
533 1116 565 1142 et
590 1116 716 1144 amatus

257 1161 321 1192 Per
346 1160 511 1201 populum,
539 1170 632 1201 quem
656 1161 777 1201 docuit,
1056 1154 1102 1182 Ad
1122 1155 1307 1191 Magnificam.

259 1209 302 1240 Et
328 1218 346 1240 a
374 1209 513 1247 Christo,
542 1218 634 1249 quem
663 1209 771 1242 coluit.
885 1219 926 1251 A,
954 1220 990 1251 111
1019 1219 1101 1259 1000,
1129 1220 1161 1251 in
1189 1229 1252 1259 quo
1280 1220 1393 1253 beatus

960 1267 1129 1300 Amandus
1154 1272 1224 1300 erat
1251 1268 1412 1309 humatus,

959 1315 1062 1348 Facta
1089 1321 1137 1348 est
1163 1317 1313 1354 ecclesia,

960 1365 1024 1398 Per
1050 1365 1139 1397 cuius
1167 1365 1320 1407 suffragia

960 1413 1065 1445 Datur
1091 1413 1136 1445 ibi
1165 1416 1270 1446 caecis
1299 1417 1386 1448 visus

960 1462 1003 1494 Et
1031 1462 1183 1495 redditur
1208 1466 1341 1496 maestis
1369 1466 1464 1507 risuS‚

994 1092 1038 1124 In
1075 1094 1106 1125 2.
1147 1092 1374 1133 Vesperis.

202 1288 233 1320 2.
262 1287 299 1318 In
328 1287 456 1327 lapide,
485 1287 539 1327 qui
566 1290 614 1319 est
642 1287 800 1327 Christus,

258 1335 469 1367 Fundaverat
494 1334 592 1368 fidem
620 1345 710 1367 suam

258 1384 301 1416 Et
328 1384 360 1414 in
388 1393 425 1415 eo
452 1393 581 1424 semper
609 1385 687 1416 vixit

257 1432 302 1463 Et
328 1431 433 1464 finivit
460 1433 558 1464 vitam
584 1442 685 1467 suam.

201 1510 231 1542 3.
259 1509 344 1541 Dum
358 1510 526 1542 Amandus
543 1510 583 1542 ab
602 1510 662 1542 hoc
683 1511 802 1543 mundo
960 1510 1204 1551 Languentibus
1232 1514 1354 1546 sanitas

258 1557 415 1590 Feliciter
441 1558 629 1599 exspiravit,
961 1558 1003 1591 Et
1031 1560 1156 1591 claudis
1182 1561 1356 1601 stabilitas,

258 1606 338 1638 Eius
366 1616 482 1646 corpus
511 1608 662 1639 Iunianus
961 1607 1174 1641 Denientibus
1203 1610 1285 1642 ratio

259 1655 353 1687 quta
381 1660 506 1696 petram
533 1656 714 1689 tumulavit.
960 1656 1002 1689 Et
1030 1658 1126 1689 mutis
1153 1659 1280 1691 locutiO.

241 1741 314 1768 Acta
336 1742 387 1769 SS.
411 1742 514 1770 Octob.
538 1743 604 1775 V11,
632 1740 689 1770 845
711 1752 753 1778 sq.
779 1742 843 1777 „Ex
864 1742 1076 1771 traditionibus
1100 1754 1168 1772 mss.
1193 1745 1350 1775 Ecclesiae
1372 1748 1403 1775 S.
1425 1749 1509 1776 luni-

161 1781 211 1807 ani
248 1781 579 1809 Commodoliacensis.“
634 1782 696 1809 Das
732 1781 879 1809 Fehlende
915 1783 1078 1817 prosaisch.
1131 1784 1318 1822 Zugehiirige
1351 1787 1511 1823 Hymuen:

162 1819 266 1847 Gaude
287 1819 375 1847 tellus
398 1819 548 1848 illustrata
568 1820 615 1851 (ad
637 1821 745 1856 Vesp.),
772 1821 899 1848 Amandi
922 1823 1006 1857 puris
1030 1821 1178 1850 mentibus
1199 1825 1247 1855 (ad
1273 1825 1388 1858 Laud).

536 1993 578 2024 12.
619 1993 662 2024 De
683 2003 708 2024 s.
731 1992 887 2026 Antonino
909 1995 1130 2035 Apamaeensi.

753 2084 857 2112 Lectio
878 2084 919 2112 11.

404 2154 557 2185 Germine
585 2154 758 2194 conspicuo
784 2154 899 2194 primis
926 2154 1090 2187 natalibus
1117 2162 1208 2188 ortus

404 2201 531 2234 Floruit
558 2201 609 2234 hic
635 2206 766 2235 sanctus
792 2203 917 2243 magnis
944 2204 1118 2236 virtutibus
1144 2210 1269 2239 auctus.

746 2311 850 2338 Lectio
871 2310 926 2338 111.

404 2378 551 2420 Denique
578 2379 727 2412 caelestis
755 2380 922 2413 doctrinae
948 2380 1099 2422 lampade
1124 2380 1256 2416 fervens

404 2429 480 2460 Iura
505 2429 681 2461 sacerdotii
708 2430 832 2462 meritis
857 2429 1065 2470 poscentibus
1091 2430 1173 2471 ipsis

407 2477 516 2510 Induit
543 2482 575 2509 et
602 2477 731 2511 Christo
757 2478 882 2511 studuit
908 2478 1033 2511 servire
1059 2481 1196 2514 tonanti.
