1650 2727
691 135 956 172 —156—

686 252 748 284 188.
789 251 834 283 De
855 250 967 283 Morte.

167 339 198 375 1.
224 339 366 380 Mirum,
393 341 419 373 si
446 342 588 382 laeteris,

280 389 360 422 Cum
388 400 426 423 ex
453 390 686 433 apparentibus

224 437 333 479 Magis
360 449 455 481 quam
482 449 521 472 ex
548 440 634 473 veris

326 487 417 521 Mors
444 489 611 521 concludit

322 536 366 569 Et
391 538 521 576 illudit;

223 585 295 628 Dic,
322 586 428 627 homo,
454 587 533 627 quid
558 590 637 618 tunc
663 587 754 620 eris?

224 682 315 714 Mors
338 681 440 717 fallax
468 684 624 726 sophista,

274 732 394 764 Breves
421 733 490 765 dies
517 733 677 775 hominis;

225 780 327 820 Quam
355 790 433 814 vera
459 785 533 813 sunt
560 782 641 813 ista!

326 830 435 862 Iustus
462 834 542 873 aret,

321 878 364 910 Et
392 879 537 919 disparet

224 926 365 967 Fragilis
392 929 504 961 arista.

225 1024 305 1057 Cum
333 1024 403 1056 sine
431 1025 518 1056 vitiis

274 1073 379 1105 Homo
410 1074 463 1105 vix
490 1074 523 1105 in
548 1073 679 1116 mundo,

225 1121 308 1163 Heu,
338 1121 390 1163 sit,
418 1122 588 1162 suppliciis

277 1171 313 1202 111
341 1170 414 1202 lacu
441 1170 603 1211 profundo

323 1220 476 1260 Agitatur

323 1267 363 1299 Et
394 1269 542 1308 pulsatur

227 1316 269 1348 Ut
301 1318 404 1348 ventis
432 1317 568 1349 arundo.

876 343 909 376 2.
936 343 1029 376 Mors
1056 343 1167 375 mundi
1194 341 1307 384 figura,

985 393 1073 432 Quae
1100 397 1255 432 corrupta
1280 390 1388 424 subito

935 441 1027 474 Perit
1052 444 1089 473 ut
1113 441 1251 483 pictura,

1033 490 1107 522 Non
1132 489 1165 521 in
1192 490 1290 532 luctu,

1033 538 1099 572 Sed
1124 538 1156 570 in
1183 537 1283 571 fluctu

936 588 1107 619 Hominem
1135 587 1317 628 demptura.

932 685 958 718 O
984 685 1097 717 mundi
1126 685 1251 725 sophia,

981 733 1049 766 Nos
1075 739 1222 766 errantes
1249 733 1387 774 corrige,

933 782 1091 814 Veritatis
1118 782 1170 813 via

1030 830 1075 863 Ut
1102 839 1220 870 eamus,

1033 879 1083 910 Ne
1106 879 1260 910 cadamus

933 929 971 960 In
997 927 1112 959 mortis
1136 927 1238 958 ruina.

930 1026 980 1058 Tu
1005 1034 1080 1066 spes
1107 1024 1286 1064 humilium,

980 1074 1130 1107 Rutilans
1157 1068 1302 1115 aurora,'

932 1124 995 1156 Pro
1023 1122 1115 1155 nobis
1142 1121 1315 1154 Dominum

980 1172 1103 1212 lugiter
1129 1170 1278 1213 implora,

1029 1221 1196 1253 Adiuvare

1028 1269 1078 1300 Tu
1105 1269 1242 1311 dignare

931 1317 999 1349 Nos
1024 1318 1138 1349 mortis
1164 1317 1196 1348 in
1226 1318 1315 1351 hora.

514 1415 546 1446 3.
575 1414 746 1445 Hominem
772 1418 839 1446 tam
867 1414 993 1455 durum,

623 1462 785 1495 Iacentem
811 1463 844 1495 in
872 1463 1018 1506 crimine,

573 1510 614 1543 Se
640 1512 869 1553 iudicaturum,

669 1560 754 1592 Dum
781 1565 856 1601 post
882 1567 1017 1593 mortem

672 1609 761 1642 Sciat
787 1608 904 1641 fortem

572 1657 717 1689 Iudicem
746 1663 927 1692 venturum.

575 1754 660 1794 Quid
686 1760 785 1795 artes,
813 1755 892 1796 quid
919 1757 989 1789 iura

622 1803 696 1836 Tibi
722 1808 857 1845 prosunt
884 1805 1030 1837 homini?

575 1851 684 1885 Solum
709 1854 751 1885 ad
778 1852 887 1886 futura

671 1903 731 1934 Vel
758 1906 805 1934 est
831 1902 883 1935 Ite

672 1952 732 1983 Vel
761 1951 874 1984 Venite

572 1999 693 2032 Iudicis
724 2009 871 2034 censura.

572 2096 672 2139 Ergo,
698 2097 773 2129 dum
800 2098 940 2139 veneris,

620 2146 736 2189 Iudex,
761 2147 920 2188 iudicare,

575 2196 624 2228 Tu
651 2195 754 2228 nostri
780 2196 908 2236 generis

627 2244 744 2279 Statim
769 2253 960 2287 memorare,

669 2295 755 2335 Quos
781 2294 898 2334 emisti,

670 2342 862 2383 Redemisti,

574 2391 651 2424 Noli
678 2392 905 2427 condemnare.

231 2491 305 2519 Piae
330 2492 493 2519 Cantiones
516 2486 591 2517 1582
611 2488 662 2517 sol.
683 2490 711 2518 K
734 2488 785 2518 la.
806 2498 870 2528 sqq.
891 2489 1075 2528 (Klemming
1098 2491 1149 2524 IV.
1173 2490 1235 2528 31.)
