1650 2727
184 331 225 368 A.

203 987 217 1018 1

197 1220 216 1251 (0

293 237 339 269 In
375 238 408 270 2.
444 237 667 277 vesperis.

354 289 398 317 Ad
420 289 601 327 Mag-nificat.

258 333 284 367 O
312 334 477 374 speculum
505 335 694 378 munditiae,

308 381 429 415 Summi
457 393 514 416 vas
541 383 682 426 lionoris,

959 236 1168 277 virginitatis
1193 235 1297 268 lilium

1007 284 1141 318 Mirifici
1168 285 1332 324 candum,

958 334 1135 367 Translata
1162 343 1196 366 es
1223 342 1295 366 cum
1321 334 1426 374 gloria

1007 383 1045 415 In
1072 383 1223 423 supernis
1250 382 1370 416 choris.

237 471 323 498 Brev.
355 479 408 498 ins.
433 471 816 499 Franciseano-Romanum
839 470 1036 503 (Amerinum)
1061 478 1139 498 saec.
1169 468 1213 497 14.
1235 470 1275 496 in.
1302 469 1372 497 Cod.
1401 468 1503 497 Vatic.

162 506 270 536 10000.
299 523 337 528 -ν-
365 510 406 536 Ιῃ
434 507 461 536 3.
491 510 596 537 Noct.
620 508 647 537 R
673 510 702 544 1,
731 508 748 536 6
776 510 871 537 minas
900 510 1075 537 conectitur.
1099 523 1137 528 ·—
1157 508 1210 536 Ad
1239 508 1353 536 Laud.
1374 508 1401 538 A
1422 506 1458 542 5,
1487 507 1506 537 3

159 548 279 575 Glorias
308 549 459 575 eximium.
489 563 523 568 —-
547 549 660 576 Hierzu
688 549 735 576 die
757 549 911 585 Hymuen:
943 548 989 576 Ad
1011 548 1100 584 Vesp.
1122 547 1284 584 Agmina
1314 556 1438 582 sacra3
1468 548 1506 576 ad

158 587 252 614 Laud.
275 587 405 615 Almae
433 589 608 624 virginis.

587 731 637 762 30.
679 731 712 762 ln
734 731 854 763 Octava
875 739 899 762 s.
921 730 1075 762 Floriani.

299 823 345 855 In
382 823 412 855 1.
448 822 664 861 Yesperis.

347 901 442 934 Super
464 897 606 925 Psxilinos.

226 1011 232 1017 .
262 986 363 1017 Laeta
390 986 495 1026 psalle
523 985 633 1026 Noria,

259 1034 438 1066 Sublimata
465 1034 567 1075 gloria

256 1083 420 1114 Advocati
448 1082 577 1115 nobilis.

255 1131 402 1163 Floriani
428 1132 593 1171 martyris.

224 1244 230 1250 .
258 1219 358 1250 Sacra
385 1218 475 1250 cuius
501 1219 652 1258 passione

259 1267 294 1298 In
321 1267 452 1298 caelesti
480 1267 612 1308 regione

260 1315 304 1347 Iis
331 1315 445 1346 effecta
472 1315 623 1348 celebris.

259 1363 369 1396 Terris
398 1363 609 1396 honorabilis.

199 1456 229 1485 273,
262 1451 482 1491 Principatum
511 1451 618 1491 regiae

199 1688 216 1717 4

257 1500 384 1531 'senens
411 1500 463 1531 hic
494 1499 628 1531 militiae

258 1548 394 1580 Strenue
421 1548 563 1588 regebat,

260 1597 436 1628 stemmate
462 1596 617 1636 pollebat.

223 1710 230 1717 .
260 1684 467 1716 Famulorum
495 1683 678 1725 multitudo,

257 1734 377 1765 Rerum
406 1733 500 1764 simul
528 1733 710 1773 amplitudo

257 1782 411 1814 Sanctum
439 1781 498 1813 Dei
528 1781 733 1813 vallaverunt

257 1831 300 1862 Et
328 1831 485 1871 insignem
513 1829 698 1862 effecerunt.

258 1918 351 1950 Licet
378 1926 462 1958 apex
490 1917 667 1950 saecularis

256 1968 352 1999 Hunc
378 1971 509 1998 ornaret
535 1966 720 2007 singularis,

254 2015 378 2047 Tamen
412 2024 487 2055 spes
513 2016 545 2047 in
570 2015 702 2048 Christo
727 2013 800 2057 fuit,

256 2066 355 2103 Quem
382 2068 507 2096 secrete
535 2064 643 2097 coluit.

289 2210 350 2242 Ad
384 2209 658 2245 Matutinum.

362 2288 583 2315 Invitatorium.

253 2378 438 2411 Adoremus
465 2375 577 2409 florem
604 2375 729 2418 florum,

252 2427 409 2460 Floriano
435 2427 489 2467 qui
516 2426 674 2458 bonorum

254 2477 381 2510 Sortem
411 2475 503 2509 dedit
528 2479 746 2509 aeternorum.

987 833 1034 864 In
1070 833 1103 865 1.
1138 831 1376 864 Nocturno.

1051 907 1148 943 Super
1168 907 1314 934 Psalmos.

889 997 929 1028 A.
958 996 1024 1027 Iste
1051 998 1181 1027 sanctus
1207 995 1380 1035 impiorum

1008 1043 1145 1084 Respuit
1173 1044 1354 1083 consilium,

958 1092 1042 1124 Dum
1071 1092 1264 1132 contempsit
1291 1091 1453 1125 idolorum

1009 1140 1150 1173 Stultum
1179 1140 1386 1173 sacrificium.

1076 1258 1289 1292 Responsoiia.

926 1353 931 1358 .
959 1326 1132 1366 Aquilinus
1160 1326 1353 1358 Noricorum

1008 1373 1106 1406 Fines
1134 1379 1210 1406 tune
1236 1374 1429 1407 intraverat.

956 1423 1057 1462 Quem
1085 1422 1191 1454 ferina
1217 1432 1307 1455 mens
1335 1423 1472 1455 duorum

1007 1471 1131 1511 Regum
1160 1471 1383 1503 destinaverat

958 1519 1163 1553 Christianos
1188 1520 1347 1561 indagare

956 1568 999 1600 Et
1026 1571 1172 1609 repertos
1199 1569 1394 1611 exstirpare.

925 1641 932 1648 .
960 1617 1080 1649 Omnes
1107 1622 1221 1660 gentes
1248 1616 1461 1658 fremuerunt,

957 1665 1064 1705 Reges
1092 1670 1200 1698 terrae
1227 1670 1461 1699 convenerunt.

921 1789 928 1796 .
958 1762 1079 1794 Christi
1104 1772 1178 1794 mox
1205 1763 1341 1796 idoneus

954 1811 1044 1850 Tiro,
1072 1820 1144 1843 cum
1169 1812 1338 1844 ultroneus

956 1859 1072 1892 Fidem
1101 1869 1192 1892 suam
1218 1860 1402 1904 profitetur,

958 1910 989 1940 A
1015 1907 1161 1948 profanis
1189 1909 1371 1951 detinetur3

907 1957 928 1991 ’.
956 1956 1000 1990 Ut
1027 1966 1128 1997 agnus
1155 1957 1315 1990 obmutuit

956 2006 1026 2038 Nec
1053 2015 1087 2038 se
1115 2007 1190 2046 capi
1215 2008 1334 2040 veruit.

985 2161 1031 2194 111
1067 2163 1098 2194 2.
1136 2161 1375 2197 Nocturno.

1048 2238 1144 2276 Super
1165 2239 1312 2267 Psalmos.

923 2354 931 2362 .
958 2327 1058 2360 Scuto
1083 2327 1190 2361 bonae
1216 2329 1393 2362 voluntatis

1004 2377 1135 2419 Martyr
1161 2381 1294 2411 sanctus
1315 2383 1502 2424 coronatur,

956 2425 1041 2458 Dum
1068 2427 1200 2459 caducis
1227 2426 1379 2461 refutatis

1004 2475 1094 2508 Diris
1119 2476 1212 2509 uncis
1238 2476 1415 2512 laceratur.
