1650 2727
505 768 771 814 Cantiones
803 767 1087 814 Natalitiac.

541 964 562 995 1.
604 963 648 995 De
669 961 899 995 incarnatione
919 963 1031 995 Verbi.

329 1056 543 1084 Grammatica.

127 1127 160 1160 1.
188 1125 333 1158 Causans
360 1129 460 1158 totam
485 1124 696 1157 structionem

235 1175 316 1215 Regi
344 1174 375 1206 vi
402 1174 451 1206 vis
479 1174 610 1216 excipit,

184 1223 253 1256 Ens
282 1233 353 1255 cum
374 1232 480 1256 rerum
510 1223 694 1263 passionem

233 1272 451 1305 Accidentum
477 1272 627 1313 suscipit,

186 1321 363 1362 Complens
392 1331 470 1354 crux
497 1322 688 1362 orationem,

232 1371 317 1403 Dum
347 1371 476 1412 transit,
506 1370 705 1411 repraecipit

178 1419 223 1453 Et
249 1419 361 1460 figuris
388 1420 547 1452 rationem

231 1470 277 1503 Ut
304 1473 451 1501 naturam
482 1469 616 1509 decipit.

365 1576 488 1612 Logica.

146 1672 154 1680 .
185 1645 277 1679 Inter
303 1645 394 1678 locos
421 1646 527 1678 locum
553 1645 656 1677 nescit

231 1695 339 1728 Locus
367 1704 386 1727 a
413 1695 597 1735 contrariis,

178 1744 412 1779 Praedicatum
439 1743 645 1785 obmutescit,

233 1793 375 1827 Fallitur
401 1794 431 1826 in
461 1794 615 1835 propriis,

180 1843 398 1884 Syllogismus
424 1842 653 1884 enthymescit‚

229 1893 356 1925 Circlns
383 1892 602 1933 epicliremiis‚

176 1941 220 1976 Et
249 1943 290 1974 de
317 1941 384 1974 suis
412 1942 576 1974 erubescit

226 1991 347 2032 Logica
375 1990 528 2024 fallaciis.

328 2099 522 2128 Rhethorica.

141 2197 148 2204 .
177 2170 293 2204 Novus
320 2176 434 2212 tropus
460 2171 494 2203 in
521 2169 638 2212 figura,

222 2220 308 2253 Dum
335 2221 425 2254 locos
453 2221 511 2253 dat
536 2222 632 2258 actio,

175 2268 246 2303 Nec
273 2270 370 2302 solvit
398 2279 517 2302 causae
543 2273 670 2303 statura

223 2318 289 2352 Sed
317 2319 524 2362 deliberatio,

174 2368 261 2410 Quid
289 2369 464 2402 concludat
491 2368 698 2406 triiunctura,

222 2417 359 2451 Periodi
386 2418 603 2457 transmissio,

173 2467 305 2502 Primus
332 2467 424 2500 color
447 2467 481 2500 in
509 2468 677 2509 scriptura

225 2517 347 2550 Christi
375 2516 566 2551 rubricatio.

154 2578 178 2602 Ι)
184 2585 198 2602 ι-
205 2583 244 2600 ev
251 2584 266 2600 e
273 2584 287 2601 s
295 2595 301 2605 ,
323 2577 478 2601 Oantiones
493 2579 523 2600 et
541 2575 651 2600 Mureti.
684 2574 740 2599 111.

1040 1055 1247 1083 Arithmetica.

833 1126 867 1158 4.
894 1125 980 1159 Dum
1007 1125 1048 1156 ab
1076 1134 1140 1157 uno
1167 1125 1217 1157 bis
1247 1125 1399 1165 procedit

942 1173 1092 1216 Sesquas,
1121 1183 1183 1214 par
1207 1183 1241 1206 se
1269 1174 1419 1215 meditas,

891 1223 976 1256 Dum
1004 1223 1111 1264 impar
1137 1223 1278 1264 gumpho
1307 1224 1463 1263 succedit,

940 1271 996 1304 Fit
1021 1273 1108 1304 idem
1135 1272 1295 1315 alteritas,

891 1321 994 1354 Semis
1023 1321 1071 1353 bis
1099 1331 1133 1353 se
1162 1322 1308 1355 dodrans
1336 1323 1426 1362 pedit

941 1370 1075 1403 Libram
1103 1372 1205 1403 triens
1232 1372 1367 1412 piditas,

891 1419 1000 1452 Metas
1027 1424 1134 1452 tamen
1164 1430 1226 1452 non
1255 1421 1385 1453 excedit

941 1469 1155 1502 Trisubstans
1183 1470 1352 1503 medietaS.

1046 1577 1227 1605 Geometria.

856 1672 862 1679 .
891 1646 976 1679 Suae
1002 1648 1083 1679 artis
1110 1647 1143 1679 in
1171 1656 1307 1680 censura

940 1696 1115 1729 Geometra
1143 1696 1278 1734 fallitur,

889 1745 974 1778 Dum
1002 1745 1178 1778 immensus
1206 1746 1265 1778 sub
1293 1755 1445 1779 mensura

939 1795 1157 1827 Terrenorum
1186 1796 1361 1835 clauditur,

888 1845 926 1876 In
953 1845 1114 1876 directum
1141 1846 1343 1886 quadratura

939 1894 1062 1926 Circuli
1090 1894 1291 1935 dissolvitur,

887 1943 1019 1977 Claudit
1048 1944 1220 1985 sphaeram
1249 1944 1391 1986 ligatura

937 1993 981 2025 Et
1007 1993 1066 2026 sub
1095 1994 1166 2034 ipsa
1194 1994 1368 2029 clauditur.

1073 2102 1199 2130 Musica.

851 2197 858 2204 .
885 2172 971 2205 Dum
999 2171 1135 2205 factoris
1163 2177 1193 2204 et
1222 2172 1369 2205 facturae

935 2222 1021 2254 Mira
1047 2221 1083 2254 fit
1111 2222 1306 2258 coniunctio,

885 2271 1045 2312 Quaesint
1054 2272 1174 2307 iuncta,
1186 2282 1268 2312 quac
1277 2272 1457 2310 iuncturae,

933 2321 995 2361 Qui
1021 2321 1167 2361 gumphi⁷
1195 2330 1277 2361 quac
1306 2321 1400 2361 ratio,

886 2369 1046 2410 Tripente
1073 2374 1319 2413 tetratessurae,

935 2419 1051 2451 Bicicli
1079 2421 1258 2458 mesnexi0‚

885 2467 951 2501 Suo
978 2472 1089 2509 stupet
1117 2468 1223 2502 fracto
1251 2469 1322 2502 iure

936 2518 1065 2551 Musica
1091 2519 1271 2560 proportio.

1266 2575 1284 2603 2
