1650 2727
693 170 936 206 „57—

273 268 320 300 In
347 269 380 301 2.
407 267 638 301 Nocturno.

354 344 554 380 Antiphonae.

174 435 207 468 1.
234 433 419 478 Diligentes
445 435 623 467 vanitatem

282 483 327 517 Et
356 489 548 524 quaerentes
574 483 780 516 mendacium

233 532 463 574 Cognoverunt
488 532 661 565 veritatem

284 582 347 614 Per
372 581 501 614 beatum
527 581 710 617 Evurtium.

200 696 208 703 .
236 670 334 704 Scuto
361 669 464 702 bonae
492 669 668 703 voluntatis

283 720 322 752 In
347 722 438 752 terra
463 717 525 750 fnit
551 723 685 752 ornatus

233 768 276 801 Et
304 778 423 801 corona
449 768 633 800 sanctitatis

282 818 341 850 Est
367 817 401 849 in
429 817 519 850 eaelo
549 822 732 850 coronatus.

173 908 206 940 ι’,
233 905 389 938 Mirabile
415 905 480 938 Dei
505 914 621 938 nomen

283 954 472 987 Aurelianis
499 955 714 995 praedicavit,

235 1002 279 1036 Et
305 1009 383 1036 tune
409 1003 502 1035 verbi
526 1003 589 1036 Dei
616 1012 725 1036 semen

283 1052 424 1084 Multum
452 1050 672 1087 fructificavit.

351 1159 561 1195 Respousoria.

200 1256 206 1263 .
238 1229 376 1261 Verbum
405 1230 491 1262 vitae

283 1278 358 1310 dum
385 1278 533 1319 pontifex
560 1277 697 1320 profert,

233 1327 371 1368 Gregem
399 1337 489 1360 suum

282 1376 323 1408 ab
351 1376 498 1409 hostibus
526 1376 644 1417 aufert⁷

233 1424 444 1458 Christicolas

281 1473 430 1506 idolatris
457 1474 605 1514 praefert

231 1522 275 1555 Et
299 1523 440 1564 aegrotis

281 1573 452 1604 sanitatem
480 1571 621 1612 confert,

193 1645 200 1652 .
229 1620 410 1654 Tribulatis

280 1670 436 1703 auxilium
463 1671 566 1713 offert,

231 1719 396 1752 Desolatis

280 1768 437 1801 laetitiam
464 1768 575 1802 infert.

195 1877 203 1884 .
229 1851 408 1893 Dignitatis

278 1902 462 1936 ascendens
490 1903 631 1937 culmina

232 1951 390 1984 Columba
417 1950 559 1986 volitans

280 2001 395 2034 circuit
421 2002 562 2044 agmina,

229 2050 273 2082 Et
299 2057 373 2091 post
399 2051 505 2092 plebis

278 2100 380 2132 multa
406 2102 595 2143 precamina

234 2149 330 2182 Hunc
356 2149 452 2192 elegit

277 2200 385 2239 gratia
411 2199 534 2235 divina.

193 2270 199 2277 -
228 2249 346 2282 Cantet
372 2249 490 2282 chorus

276 2298 422 2338 praesuli
449 2299 607 2342 carmina,

228 2345 275 2381 Ut
299 2347 395 2382 nobis
420 2349 548 2381 miseris

277 2395 431 2431 laxentur
457 2397 606 2432 crimina.

165 2481 199 2516 3.
226 2481 327 2515 Panis
351 2482 441 2516 vitae
467 2487 502 2515 et
527 2483 717 2516 intellectus

276 2530 430 2565 Sanctum
446 2532 631 2574 praesulem
644 2530 777 2573 cibavit,

939 268 1003 300 Per
1028 268 1153 309 gratiae
1179 267 1313 300 effeetus

986 316 1168 349 Ecclesiam
1198 317 1376 359 roboravit,

938 365 1158 406 Malignorum
1187 365 1334 398 defectus

989 414 1140 446 Viriliter
1165 415 1348 455 increpavit

941 462 985 494 Et
1011 462 1168 494 bonorum
1196 462 1329 494 effectus

990 511 1144 544 Caritate·
1161 510 1386 544 inflammavit.

890 560 911 593 ¹⁷.
941 561 1003 593 Hic
1030 561 1092 592 iam
1121 561 1252 600 praesul
1279 560 1412 592 effectus

942 609 1052 641 Plebis
1079 609 1220 641 cumulat
1250 608 1428 650 profectus,

990 658 1073 690 Dum
1101 659 1214 690 urbem
1242 659 1289 690 sic.
1309 658 1487 691 decoravit.

980 797 1084 831 1113.
1114 797 1347 829 Nocturno.

1065 874 1265 910 Antipliouae.

904 989 912 996 .
941 963 1017 996 Sine
1045 965 1169 996 macula
1197 970 1244 995 est
1273 964 1438 1004 ingressus

990 1013 1026 1045 ln
1054 1013 1114 1045 Dei
1142 1013 1363 1055 tabernacula,

939 1062 1021 1101 Quia
1048 1063 1133 1093 vitae
1152 1071 1229 1094 suae
1257 1071 1448 1103 progressus

992 1111 1099 1143 Patuit
1127 1120 1186 1151 per
1212 1112 1378 1144 miracula.

880 1215 887 1223 ⁸
905 1232 912 1240 .
941 1208 1148 1240 Dcsiderium
1176 1209 1302 1241 animae

987 1257 1029 1290 Ei
1058 1257 1215 1290 Dominus
1242 1258 1367 1300 tribuit,

939 1308 1020 1346 Quia
1050 1307 1089 1337 de
1116 1307 1236 1339 mundo
1263 1308 1405 1340 minime.

987 1356 1072 1388 Dum
1105 1356 1196 1398 vixit,
1224 1366 1332 1388 curam
1362 1358 1486 1390 habuit.

877 1455 910 1487 3.
936 1453 1070 1485 Manum
1097 1453 1240 1496 desuper
1265 1455 1443 1487 immissam

988 1502 1076 1534 Deus
1105 1503 1145 1533 dc
1172 1503 1256 1535 nube
1284 1504 1407 1545 eduxit,

939 1551 1008 1592 Ipsi
1034 1551 1215 1584 celebranti
1241 1554 1373 1585 missam

986 1600 1169 1633 Evidenter
1197 1601 1374 1636 benedixit.

1057 1709 1270 1744 Responsuria.

902 1815 909 1822 .
939 1787 1084 1821 Granum
1113 1789 1283 1830 expulsum
1312 1791 1407 1830 palea

989 1838 1038 1870 De
1065 1839 1285 1871 Romanorum
1313 1839 1440 1875 horreo,

939 1888 1035 1920 Fidei
1063 1892 1150 1920 tutus
1177 1888 1271 1929 galea

987 1937 1032 1970 Et
1058 1939 1204 1970 caritatis
1232 1938 1352 1979 clipeo,

939 1987 1052 2019 Caruit
1079 1987 1170 2019 faece
1198 1985 1296 2020 fellea

988 2036 1032 2069 Et
1059 2037 1184 2077 peccati
1212 2038 1336 2075 aculeo,

939 2085 1022 2118 Dum
1051 2086 1225 2118 dulcedine
1253 2086 1369 2118 mellea

988 2135 1149 2167 Habitans
1176 2135 1266 2167 Deus
1293 2135 1326 2167 in
1353 2145 1402 2168 eo.

887 2185 906 2218 ⁷.
936 2185 1030 2217 Victo
1058 2194 1133 2226 rege
1160 2189 1305 2217 tartareo

938 2234 1032 2266 Nunc
1058 2234 1091 2266 in
1119 2235 1209 2266 caclo
1237 2243 1392 2275 empyreo

939 2283 1117 2316 Laetantes
1144 2281 1265 2315 fruitur
1294 2283 1377 2316 Deo.

906 2409 912 2415 .
938 2381 1034 2414 Felix
1062 2392 1082 2422 p
1089 2382 1207 2420 raesul.

987 2431 1078 2464 cuius
1105 2431 1228 2463 solacio

939 2481 1139 2523 Angelorum

987 2530 1123 2563 servivit
1150 2529 1273 2567 contio,

1273 2584 1315 2614 υ*
