1650 2727
668 136 911 171 ..10—

399 234 516 267 Venite
542 233 604 266 Dei
631 235 783 268 cultores.

398 282 571 316 Dominum
597 282 769 317 laudemus
795 291 874 316 voce
899 284 1014 318 alacri.

398 331 466 364 Nos
493 333 647 364 mortales
673 341 783 365 omnes
809 333 880 365 Deo
906 332 1045 373 parenti.

398 380 495 413 Salve
522 379 567 413 fili
592 382 705 413 matris
732 384 850 415 castae.

400 429 621 462 Memorantes
650 430 772 462 Christi
796 431 982 463 adventum.

403 478 470 510 Viri
497 478 616 511 fratres
643 479 738 511 simul
764 478 960 520 congregati.

401 527 518 559 Venite
543 527 576 558 in
603 529 732 560 nomine
757 536 868 560 omnes
894 528 970 560 Iesu
996 527 1130 560 Christi.

401 576 497 607 Venit
523 577 556 607 in
583 577 737 608 mundum
767 576 903 608 rutilans
929 585 1085 616 propago.

400 624 481 664 Regi
509 632 618 665 regum
647 625 714 666 regi
741 634 851 664 regum
874 624 1024 658 Domino.

400 673 488 704 Deus
514 673 727 705 invictissime
753 674 829 705 audi
856 682 924 706 nOS.

401 721 497 753 Venit
526 721 566 754 de
592 721 786 754 caelestibus
814 721 948 754 Gabriel
978 721 1202 761 archangelus.

402 770 566 809 Virginem
594 770 809 802 castissimam
835 770 977 810 Delegit.

400 819 501 858 Virga
526 819 614 850 Iesse
640 818 785 850 refloruit
813 818 967 857 Lugubri.

401 869 471 899 Ave
497 869 572 900 Iesu
598 867 738 908 gloriose
763 866 829 898 Fili
856 866 979 898 matris.

215 981 527 1027 Beispielshalber
567 991 650 1025 mag
690 980 755 1017 das
793 984 892 1016 erste
931 980 1054 1017 dieser
1090 980 1229 1017 Lieder
1264 980 1346 1017 hier
1381 980 1465 1016 eine

121 1041 238 1076 Stelle
266 1041 405 1076 finden:

156 1159 186 1193 1.
216 1159 313 1190 Venit
350 1159 382 1191 in
411 1159 564 1190 mundum
593 1158 632 1190 de
660 1157 758 1190 caelis

264 1207 376 1248 Magni
404 1206 507 1248 patris
534 1211 638 1245 natus,

216 1256 257 1289 Ei
283 1263 412 1296 semper
439 1255 590 1287 amabilis

266 1306 375 1344 Atque
402 1304 465 1336 reis
492 1308 623 1344 gratus3

217 1353 302 1386 Nam
329 1353 370 1384 ob
398 1353 533 1384 salutem
562 1361 669 1383 eorum

218 1401 315 1433 Venit
343 1410 399 1433 rex
427 1401 600 1439 caelorum,

269 1449 474 1489 propheticis
501 1449 641 1481 oraculis

316 1498 402 1530 Olim
429 1497 650 1538 praedicatus,

270 1545 451 1587 Sybyllinis
479 1546 626 1578 versibus

319 1595 448 1627 Pariter
473 1598 628 1626 cantatus.

161 1718 191 1749 2.
221 1715 393 1749 Caelorum
421 1715 526 1748 factor
552 1716 691 1748 altorum

272 1765 314 1797 Se
341 1765 530 1803 exinanivit,

218 1813 261 1846 Et
289 1818 416 1846 creator
442 1814 629 1854 angelorum

268 1863 309 1895 Se
334 1862 528 1901 humiliavit,

219 1911 312 1944 Servi
339 1909 476 1943 formam
503 1910 695 1951 suscipiens,

219 1959 267 1992 De
294 1959 387 1992 nobis
413 1960 602 2000 providens,

267 2008 351 2040 Dum
378 2009 410 2040 in
444 2009 600 2048 gremium
629 2007 762 2048 virginis

316 2056 495 2089 Descendit
522 2057 665 2097 humilis,

267 2105 387 2138 Factus
414 2111 463 2138 est
490 2106 638 2148 visibilis,

319 2154 452 2187 Cunctis
478 2154 662 2195 placabilis.

161 2278 198 2310 3.
225 2277 409 2309 Laudemus
436 2285 543 2318 regem
571 2276 735 2314 humilem,

270 2325 403 2358 Cunctis
430 2325 636 2367 placabilem,

217 2375 272 2408 Ad
299 2375 384 2407 hunc
410 2384 505 2407 voees
533 2375 731 2417 extollendo,

268 2424 385 2456 Preces
412 2423 620 2464 porrigendo.

196 2473 293 2507 Venit
319 2473 353 2506 in
380 2473 441 2506 hoc
467 2473 618 2506 exsilium

893 1157 1018 1190 Ferens
1045 1157 1213 1196 auxilium,

943 1204 1010 1238 Nos
1031 1205 1072 1237 ab
1100 1207 1186 1238 omni
1214 1207 1348 1246 privans
1376 1205 1463 1238 malo

942 1254 986 1287 Et
1012 1255 1180 1287 daemonis
1207 1255 1294 1288 dolo.

993 1303 1125 1336 Christo
1149 1304 1217 1344 regi
1243 1304 1348 1345 gloria

991 1351 1041 1384 Sit
1068 1356 1101 1385 et
1128 1352 1274 1385 victoria,

857 1501 864 1508 .
894 1473 1002 1511 Salve,
1035 1473 1109 1505 Iesu
1135 1473 1290 1515 piissime,

945 1521 1010 1553 Fili
1037 1520 1151 1553 matris
1179 1526 1298 1563 castae,

895 1571 1001 1612 Salve,
1030 1579 1112 1611 puer
1137 1570 1317 1612 mitissime,

947 1619 1052 1651 Patris
1083 1619 1215 1657 candor,
1246 1619 1398 1661 Christe;

896 1668 934 1699 ln
963 1676 1018 1699 cor
1044 1672 1191 1700 nostrum
1215 1667 1366 1711 illabere,

895 1716 998 1748 Nobis
1025 1716 1181 1748 miserere

945 1765 1045 1797 Tuam
1082 1766 1220 1806 gratiam
1253 1767 1466 1807 praestando,

945 1813 1090 1846 Virtutes
1120 1814 1284 1856 donando,

995 1863 1039 1896 Ut
1067 1869 1097 1894 te
1122 1863 1285 1902 possimus
1307 1872 1390 1904 pure

994 1911 1039 1943 Et
1065 1911 1162 1952 digne
1188 1912 1334 1946 laudare.

861 2060 868 2067 .
897 2033 994 2066 Cuius
1021 2033 1145 2065 tonitru
1172 2034 1333 2066 tremiscit

943 2082 1056 2114 Tellus
1083 2087 1179 2122 atque
1205 2083 1329 2126 aether,

894 2131 994 2170 Quem
1008 2130 1162 2171 princeps
1177 2132 1290 2165 mundi
1304 2135 1464 2177 pavescit,

942 2179 1070 2221 Mulges
1092 2180 1208 2212 matris
1234 2181 1326 2221 uber,

895 2227 1008 2261 Infans
1034 2237 1193 2270 perquam
1218 2230 1393 2273 gloriosus,

896 2277 998 2310 Nobis
1025 2278 1198 2321 gratiosus,

944 2327 994 2359 De
1021 2327 1225 2368 plenitudine
1252 2327 1342 2361 cuius

945 2376 1064 2409 Omnes
1092 2376 1293 2421 accipimus3

995 2425 1049 2457 Illi
1079 2434 1156 2468 ergo
1183 2427 1288 2468 gloria

996 2473 1048 2507 Sit
1073 2478 1106 2506 et
1133 2474 1282 2511 victoria.
