1650 2727
724 173 994 209 -187—

255 269 345 310 Quae
371 270 495 304 Christi
520 279 581 312 per
605 271 745 311 gratiam

306 323 411 352 mater
436 317 499 351 fuit
523 319 649 352 inclita.

219 460 228 468 .
255 435 348 468 Haec
373 435 483 468 Maria
510 436 621 469 Iacobi

302 484 439 516 minoris
466 488 516 517 est
542 489 658 527 mater,

255 533 354 567 Cuius
380 531 443 565 fuit
469 533 643 577 Cleophas‚

301 582 396 614 homo
422 583 538 624 iustus.
568 586 674 624 pater.

217 725 226 734 .
252 699 298 733 Et
323 700 441 742 Maria,
469 699 621 733 Salomae

302 749 413 790 proles
440 749 581 790 erudita,

253 799 397 832 Paterno
424 798 471 830 sic
496 798 627 830 nomine

301 846 364 880 fuit
389 847 555 889 insignita.

396 1013 611 1049 Responsoria.

218 1149 226 1156 .
253 1121 327 1154 Duo
354 1122 529 1154 luminaria

303 1171 479 1203 Praeclara
506 1170 699 1211 formantur,

253 1220 328 1253 Duo
355 1220 553 1258 sanctuaria,

303 1270 392 1309 Quae
419 1269 481 1301 huc
510 1269 728 1307 destinantur,

255 1318 307 1351 De
333 1328 468 1358 quorum
500 1317 687 1358 praesentia

251 1366 372 1408 Fulget
398 1368 478 1399 haec
506 1367 656 1404 ecelesia,

254 1416 398 1457 Caelum,
427 1420 527 1454 terra,
555 1416 657 1448 maria

303 1466 435 1498 Pariter
460 1465 635 1497 laetantur.

211 1540 218 1547 .
254 1514 384 1546 Felices
411 1518 618 1552 materterae,

254 1564 390 1597 Sorores
417 1563 643 1605 Christiferae,

252 1612 332 1646 Cum
360 1613 515 1644 virtutum
542 1620 676 1644 munere

302 1662 357 1694 Ad
384 1671 442 1694 nos
469 1662 689 1702 applicantur.

219 1802 226 1809 .
257 1774 422 1815 Scriptam
450 1774 539 1807 Deus
565 1775 599 1806 in
626 1773 747 1806 tabulis

301 1823 438 1857 Duabus
466 1824 569 1865 legem
597 1823 723 1864 statuit,

250 1873 331 1906 Post
359 1873 598 1907 Verbum-caro
624 1872 766 1916 populis,

302 1922 437 1956 Gratiae
464 1923 608 1964 plenum,
637 1922 765 1966 claruit,

251 1973 354 2014 Quam
379 1973 480 2014 signis
507 1976 539 2004 et
565 1972 732 2004 miraculis

302 2022 429 2055 Mundo
455 2022 568 2054 vivens
596 2021 758 2063 exposuit.

208 2097 214 2103 .
249 2071 335 2104 Dum
353 2081 482 2104 sorores
502 2072 616 2104 matris
637 2071 688 2103 hic
703 2070 824 2115 posuit,

250 2120 341 2154 Duas
360 2121 442 2162 legis
469 2121 599 2154 tabulas
626 2121 753 2154 tribuit.

212 2260 220 2268 .
248 2234 460 2269 Gaudeamus
487 2235 596 2276 hodie,

247 2284 430 2317 Immensae
456 2285 603 2317 laetitiae

296 2334 428 2367 Laudes
455 2335 668 2374 extollantur,

247 2383 333 2416 Dum
361 2384 494 2426 reginae
519 2384 646 2425 gloriae

243 2433 382 2466 Sorores
409 2433 572 2476 egregiae,

243 2484 363 2517 Annae
391 2483 475 2516 duae
501 2482 601 2524 filiae,

293 2532 394 2566 Caelo
420 2536 631 2566 coronantur.

888 272 927 307 V.
959 271 1023 304 Hic
1049 272 1167 304 chorus
1194 270 1362 309 ecclesiae,

963 320 1029 353 Ubi
1053 325 1126 352 sunt
1155 320 1332 359 reliquiae,

962 369 1060 401 Plebs
1087 372 1156 401 tota
1186 368 1377 400 Provinciae

1008 417 1115 458 Digne
1141 416 1336 457 gloriantur.

1071 613 1134 645 Ad
1162 611 1348 643 Laudes.

1108 708 1310 744 Antiphonae.

904 821 935 853 1.
965 820 1046 852 Cum
1073 817 1183 852 Maria
1209 817 1407 857 Magdalene

1014 869 1151 901 Sorores
1178 871 1335 898 venerunt

963 918 1008 950 Et
1032 920 1233 958 unguentum
1262 914 1326 947 fide
1354 915 1471 955 plenae

1012 967 1112 999 Mane
1136 968 1360 1007 portaverunt.

930 1094 936 1099 .
963 1065 1017 1098 Ad
1045 1064 1231 1104 sepulcrum
1257 1062 1389 1094 veniunt

1015 1113 1129 1146 Sociae
1157 1112 1282 1148 beatae,

965 1163 1058 1203 Quod
1086 1161 1164 1193 solis
1192 1160 1356 1201 aspiciunt

1012 1212 1093 1245 Orta
1120 1210 1279 1242 claritate.

927 1338 933 1345 .
961 1310 1006 1342 Et
1032 1309 1193 1341 intrantes
1221 1307 1432 1348 splendidum

1012 1359 1164 1390 Iuvenem
1193 1357 1310 1388 sedere

963 1408 1097 1443 Vident,
1126 1406 1210 1439 stola
1238 1406 1425 1446 candidum,

1010 1457 1055 1489 Et
1081 1456 1292 1496 obstupuere.

925 1582 932 1589 .
960 1555 1120 1588 Mulieres
1147 1554 1266 1584 leniter

1010 1604 1156 1645 Angelus
1183 1601 1318 1634 adfatur

960 1653 1005 1686 Et
1029 1656 1187 1694 paventes
1217 1652 1358 1684 dulciter

1009 1704 1076 1736 Eas
1104 1702 1310 1735 consolatur:

925 1828 932 1835 .
961 1801 1047 1840 Scio,
1077 1802 1184 1834 Iesum
1213 1800 1369 1840 quaeritis

1010 1851 1190 1883 Credentes
1218 1850 1304 1881 hunc
1331 1855 1505 1889 mortuum,

960 1900 1122 1942 Surrexit,
1152 1899 1316 1941 videbitis,

1005 1950 1103 1989 Ecce,
1133 1950 1237 1981 locum
1267 1951 1421 1981 vacuum!

1081 2097 1127 2125 Ad
1152 2096 1342 2123 Benedictus.

923 2213 930 2221 .
959 2187 1142 2220 Benedicta
1168 2186 1209 2218 sit
1238 2187 1370 2218 trinitas

1007 2236 1074 2269 Ter
1092 2238 1208 2269 Annae
1229 2236 1359 2276 replens
1379 2240 1517 2277 uterum,

957 2285 1140 2318 Benedicta
1167 2285 1366 2325 germanitas

1008 2336 1122 2368 Trium
1149 2334 1322 2374 praeclara
1345 2334 1508 2373 siderum,

1009 2385 1191 2418 Benedicta
1218 2384 1260 2415 sit
1287 2384 1405 2415 iterum

961 2433 1083 2467 Trinae
1110 2433 1238 2467 Mariae
1266 2432 1412 2475 claritas,

957 2483 1022 2515 Per
1049 2493 1130 2524 quas
1155 2482 1214 2514 hos
1241 2481 1322 2513 fines
1350 2482 1477 2519 visitas,

1006 2532 1112 2565 Dator
1139 2536 1271 2565 aeterne
1299 2540 1478 2565 munerum.
