1650 2727
689 182 739 188 —
788 163 860 198 205

246 260 413 295 Christum
438 263 495 294 tua
519 269 619 303 prece
644 261 752 302 placa,

293 310 356 350 Qui
381 319 423 344 ne
446 310 528 342 velit
553 310 625 342 dire
649 310 756 351 premi

245 357 315 391 Nos
341 361 430 392 sorte
454 358 677 398 daemoniaca,

292 407 378 448 Quos
401 407 529 440 curavit
555 407 655 439 semel
682 407 755 448 emi,

242 456 310 491 Sed
331 460 365 488 te
391 455 456 488 frui

242 505 346 539 Vultu
371 505 434 538 sui.

243 612 333 651 Quae
359 620 420 653 per
444 610 581 652 pudoris
607 610 776 643 flosculum

287 661 330 693 Et
357 669 418 701 per
445 661 584 692 virtutes
609 660 691 692 alias

237 709 371 743 Ornasti
400 711 489 740 tuum
517 709 696 748 vasculum,

285 757 335 790 Tu
361 756 456 790 nobis
482 758 536 789 hic
560 760 591 788 et
619 758 701 790 alias

237 806 404 840 Christum
431 807 590 848 mitigato,

235 856 399 897 Pacisque
425 855 512 888 bona
534 855 623 887 dato.

355 983 555 1017 Tractus.

236 1062 287 1095 Tu
315 1062 407 1094 dives
433 1071 530 1103 opum
557 1063 684 1103 gratiae

233 1111 362 1152 Sponsa
388 1112 474 1152 regis
501 1111 637 1153 gloriae,

234 1161 281 1193 Te
309 1160 476 1193 collaudat
503 1160 601 1193 hodie

232 1209 332 1243 Plebs
358 1212 476 1242 ovante
503 1208 598 1244 facie.

232 1307 340 1349 Assis,
368 1308 434 1350 pia,

231 1357 277 1390 Et
304 1357 344 1389 de
371 1357 424 1389 via

232 1407 360 1446 Lapsos
385 1414 462 1446 rege

231 1456 276 1488 Et
300 1459 447 1497 protege,

953 260 1024 293 Deo
1050 264 1119 294 tota

952 309 1071 342 Funde
1097 311 1174 341 vota

951 357 1058 398 Vique
1085 360 1155 389 tota

950 405 1054 438 Nobis
1081 405 1134 438 hic
1161 410 1193 437 et
1216 405 1298 438 alias

950 454 1116 488 Christum
1144 455 1291 495 mitigato

951 503 1109 544 Pacisque
1134 503 1219 535 bona
1247 503 1334 535 dato.

1016 638 1321 673 offertorium.

944 733 1034 766 offer
1059 742 1204 765 summae
1231 733 1373 766 trinitati

995 782 1111 814 Votum
1140 791 1238 822 prece
1267 782 1429 823 supplice,

945 831 1044 872 Virgo
1071 831 1136 872 pia,
1166 841 1206 863 ne
1232 832 1360 871 peccati

994 880 1220 921 Impediamur
1246 880 1352 919 obice,

944 929 1011 963 Sub
1040 933 1176 970 peccato
1205 930 1394 962 venumdati

994 979 1169 1019 Redempti
1197 988 1307 1011 sumus
1334 978 1440 1020 apice,

943 1028 994 1061 Ne
1022 1028 1214 1061 damnemur
1240 1028 1377 1061 iudicati

993 1078 1022 1109 A
1052 1077 1182 1110 Christo
1209 1077 1264 1118 pio
1291 1078 1410 1110 iudice.

1040 1215 1300 1249 Communio.

944 1309 1017 1342 Stat
1042 1312 1099 1341 tua
1126 1318 1185 1349 per
1211 1308 1301 1341 labia

993 1358 1158 1390 distillans
1185 1358 1291 1398 gratia
1319 1358 1383 1399 dia,

943 1407 1082 1440 scandit
1107 1411 1138 1438 et
1166 1408 1199 1439 in
1228 1407 1331 1440 Rama

990 1456 1171 1488 redolendo
1199 1457 1245 1489 tui
1274 1456 1463 1497 thymiama.

210 1572 288 1601 Aeta
317 1571 371 1601 SS.
394 1571 458 1600 Oct.
482 1573 557 1604 XII.
587 1570 644 1600 866
675 1571 703 1600 ff.
735 1582 768 1608 „e
796 1576 969 1609 pervetusto
999 1572 1102 1600 codice
1133 1582 1314 1609 pergameno
1344 1572 1491 1601 archivii“

131 1611 374 1640 Meldradiensis.
397 1627 436 1632 -—
458 1612 521 1640 Das
542 1612 695 1640 Graduale
718 1612 836 1640 besteht
857 1621 911 1640 aus
933 1614 1138 1640 Hexametern
1161 1615 1215 1640 wie
1239 1612 1287 1640 die
1303 1614 1493 1641 Communio.

130 1651 194 1679 Der
214 1652 320 1679 zweite
343 1652 413 1679 Satz
436 1653 476 1679 ist
496 1652 569 1680 kein
590 1652 765 1689 Fragemtz,
788 1651 918 1679 sondern
939 1660 1002 1680 cur
1024 1652 1104 1679 steht
1126 1652 1191 1680 hier
1214 1653 1270 1679 wie
1294 1653 1384 1680 &fters
1407 1656 1492 1680 sonst

130 1693 205 1719 statt
231 1699 360 1728 quare.
388 1705 427 1710 -
447 1691 565 1722 Offert.‚
594 1689 613 1718 2
642 1691 699 1719 soll
727 1691 776 1719 die
799 1691 854 1719 Hs.
876 1692 991 1720 Voeum
1019 1701 1121 1728 preces
1151 1691 1272 1720 attende
1304 1692 1401 1725 lesen,
1430 1701 1493 1719 was

131 1730 296 1768 allerdings
318 1739 415 1767 gegen
435 1730 493 1758 den
514 1731 601 1759 Reim
623 1731 790 1759 verstiesse.
812 1745 849 1751 -—
871 1731 987 1759 Hierzu
1009 1731 1056 1759 die
1079 1734 1216 1768 sequenz
1233 1731 1313 1759 Vox
1335 1740 1493 1759 amoena

131 1778 233 1798 mens
262 1778 397 1798 serena
418 1769 495 1798 Acta
517 1769 569 1798 SS.
592 1770 611 1797 l.
633 1779 658 1798 c.
680 1767 747 1798 867.

590 1974 637 2006 86.
682 1973 726 2006 De
748 1975 859 2007 sancto
881 1974 1014 2007 Lazaro.

336 2088 572 2121 Introitus.

227 2177 460 2212 Collaudemus
486 2180 680 2210 venerantes

276 2226 401 2260 Christi
435 2236 564 2260 sacrum
591 2226 778 2268 praesulem

228 2276 298 2310 Nos
324 2276 431 2309 adulti
458 2280 491 2309 et
517 2275 672 2318 infantes,

277 2323 437 2371 [Genere]
464 2325 702 2367 praenobilem,

225 2376 330 2417 Quem
340 2386 360 2409 a
370 2379 476 2409 morte
486 2375 639 2409 Christus
649 2374 780 2408 vocavit

277 2425 345 2458 Per
370 2429 508 2458 mortem
535 2423 722 2458 terribilem

224 2475 476 2516 Massiliamque
504 2474 675 2508 decoravit

274 2524 343 2558 flio
376 2523 552 2558 fundendo
575 2523 780 2564 sanguinem.

1059 2088 1271 2121 Alleluia.

941 2156 1071 2190 Nobilis
1096 2165 1130 2189 es
1158 2166 1198 2189 ex
1223 2165 1353 2199 genere,

991 2205 1177 2239 Virtutibus
1204 2206 1360 2249 nobilior,

941 2257 968 2290 O
995 2260 1108 2289 sancte
1135 2255 1267 2296 praesul
1296 2256 1436 2297 Lazare,

989 2305 1055 2338 Ora
1082 2314 1142 2347 pro
1170 2305 1264 2337 nobis
1291 2304 1452 2337 omnibus.

1013 2403 1324 2437 offertorium.

939 2472 1038 2506 Venit
1063 2473 1105 2506 ab
1132 2471 1342 2511 lerosolymis

989 2521 1163 2554 Massiliae
1189 2522 1319 2555 oblatus
