1650 2727
646 171 915 208 —143-—

142 268 176 302 3.
203 266 334 301 Laudes
359 267 431 301 Deo
458 267 519 301 hoc
544 269 578 302 in
605 268 690 302 festo
849 272 882 303 4.
911 269 1121 303 Gaudeamus
1149 275 1180 302 et
1207 271 1377 313 laetemur,

253 316 367 349 demus
392 317 486 350 aunis
512 318 662 360 singulis,
960 319 1070 351 clerici
1099 323 1132 350 et
1158 320 1290 360 milites,

203 364 287 405 Quia
312 366 404 398 stetit
429 369 465 399 ut
490 366 524 398 in
551 367 647 399 terris
908 367 954 400 Et
979 367 1146 399 nobiscum
1171 369 1378 408 gratulentur

252 418 411 455 patronus
434 415 605 458 mirabilis²
958 416 1085 448 nobiles
1111 420 1144 448 et
1170 417 1320 455 humiles,

203 461 258 495 Sic
283 464 315 496 in
343 464 433 496 caelo
459 468 525 496 stat
551 474 622 497 cum
650 466 721 499 Deo
908 465 953 498 Et
979 464 1040 496 hac
1067 465 1120 497 die
1145 468 1266 506 nuptae
1293 469 1436 505 cantent,

250 516 283 544 et
308 517 424 553 regnat
450 521 521 545 cum
549 515 686 553 angelis.
958 517 990 545 et
1018 513 1182 546 exsultent
1210 514 1362 554 virgines.

126 558 172 595 V.
202 559 411 594 Gaudeamus
438 566 470 594 et
495 563 536 595 ad
565 573 680 605 preces

248 620 333 643 nunc
366 611 409 642 sit
442 612 578 653 quisque
606 613 745 653 humilis,

199 659 295 698 Nam,
323 664 358 692 ut
385 658 447 692 fuit
474 659 526 692 hic
555 662 723 703 benignuS,

248 708 372 741 cunctis
400 710 608 743 venerabilis.

848 593 880 624 5.
909 591 973 623 Hic
1000 591 1105 630 Eliae,
1135 591 1239 624 Deum
1268 601 1396 632 rogans,

957 649 1086 673 sensum
1115 642 1201 682 cepit
1231 641 1404 683 duplicem,

909 689 994 721 Nam
1018 690 1128 722 futura
1155 690 1376 730 praesignavit

957 742 989 770 et
1016 739 1144 771 sanavit
1173 739 1313 771 debilem

908 789 957 820 Ac
983 787 1161 828 superbum
1190 788 1396 821 conculcavit

281 827 342 859 Ad
380 827 558 860 LssUdeS-
957 841 990 869 et
1016 837 1120 870 erexit
1148 837 1314 870 humilem.

325 895 528 932 Antiphonae.

945 934 1009 967 Ad
1045 935 1325 968 Benedictus.

909 1003 973 1036 Res
1001 1004 1150 1036 miranda
1175 1009 1207 1036 et
1234 1003 1371 1036 colenda

957 1052 1087 1092 Siponti
1114 1062 1173 1093 per
1199 1054 1343 1094 saecula,

905 1102 984 1142 Quo,
1014 1101 1181 1141 Laurenti,
1209 1101 1270 1133 tibi
1298 1101 1390 1134 dedit

953 1151 1087 1190 angelus
1113 1151 1255 1193 oracula,

907 1199 1128 1232 Beneventum
1157 1200 1252 1232 simul
1280 1200 1380 1232 sensit

954 1253 1010 1280 tua
1035 1248 1203 1286 beneficia,

136 1289 170 1320 2.
200 1287 328 1327 Gaude,
360 1298 454 1331 puer,
487 1290 604 1331 gaude,
631 1299 743 1329 senex,
905 1297 949 1329 Et
975 1297 1100 1330 domim
1125 1298 1185 1330 sub
1212 1303 1245 1329 te
1271 1297 1333 1330 fuit

246 1338 387 1378 gandeat
414 1342 446 1370 θῐ
471 1338 597 1371 iuvenis
953 1346 1081 1379 Totilae
1107 1347 1273 1387 superbia.

197 1386 389 1426 Sipontinae
416 1387 560 1420 civitatis

249 1436 347 1468 decus
373 1441 509 1476 portans
534 1436 678 1475 luminis,

138 965 169 1000 1.
196 965 357 998 Praesens
384 965 503 998 festum
529 971 721 999 venerantes

248 1015 362 1046 laudes
390 1015 502 1046 demus
529 1015 677 1054 Domino,
837 1003 879 1037 A·

201 1063 263 1102 Qui
290 1063 462 1104 Sipontum
490 1064 648 1097 exaltavit

247 1116 338 1145 tanto
366 1112 534 1151 beneficio,

198 1160 240 1193 Et
267 1161 351 1194 hanc
376 1162 483 1194 aulam
509 1162 687 1204 assignavit

248 1209 344 1242 beato
370 1210 559 1246 Laurentio,

194 1483 239 1517 Et
265 1485 326 1517 hoc
353 1483 436 1518 festo
463 1490 573 1518 cantet
600 1485 706 1518 clerus
944 1474 990 1507 1¹¹
1028 1477 1060 1508 2·
1100 1474 1315 1516 VssSperiS-

244 1533 338 1566 dulce
365 1535 466 1567 melos
494 1534 658 1568 carminis,
1002 1542 1048 1569 Ad
1069 1542 1255 1579 Magnificat.

131 1612 165 1645 3.
192 1612 219 1645 O
245 1612 415 1655 Laurenti,
442 1616 539 1655 pater
564 1614 629 1654 pie,
835 1608 879 1646 A.
906 1611 1049 1644 Lumbos
1082 1612 1183 1644 cinxit
1211 1616 1243 1644 et
1270 1612 1453 1653 praecinxit

240 1662 319 1694 audi
345 1671 460 1702 preces
487 1662 600 1705 populi
949 1661 1064 1693 beatus
1091 1661 1288 1694 Laurentius

192 1710 240 1743 Te
267 1711 438 1744 clamantis
465 1715 497 1742 et
521 1713 699 1752 precantis,
903 1712 952 1743 Ac
979 1710 1112 1743 lucerna
1140 1710 1267 1752 fulgens
1296 1710 1358 1744 fuit

241 1760 288 1792 tui
315 1761 425 1792 devoti
451 1760 510 1793 filii
951 1763 982 1792 et
1009 1769 1177 1792 servorum
1205 1762 1365 1799 servulus,

194 1809 241 1843 Ut
263 1809 330 1841 sint
353 1809 414 1841 tibi
440 1809 658 1842 commendati
900 1809 939 1842 In
967 1810 1027 1841 liae
1053 1809 1133 1841 sede
1160 1810 1259 1851 digna
1286 1810 1373 1843 sedit

242 1859 330 1891 velut
360 1859 428 1891 veri
452 1860 585 1894 servuli.
952 1859 1137 1892 sanctitatis
1165 1860 1322 1893 cumulus.

171 1975 247 2004 Acta
269 1976 322 2005 SS.
344 1976 432 2005 Febr.
454 1977 499 2010 11,
527 1975 566 2005 62
591 1985 635 2013 sq.
657 1993 696 1997 —
717 1977 836 2006 Vorher
855 1976 895 2013 (p.
919 1976 968 2012 56)
988 1977 1035 2004 die
1057 1978 1152 2005 Note:
1180 1977 1343 2012 Triplicem
1369 1979 1452 2007 illius

92 2016 186 2043 vitam
214 2015 336 2051 damus,
364 2024 453 2052 quam
481 2026 518 2044 ex
545 2018 640 2045 veteri
669 2017 772 2046 codice
801 2026 892 2045 mauu
919 2018 951 2044 in
980 2018 1154 2045 membrana
1177 2022 1316 2050 exarato,
1345 2020 1396 2054 qui
1420 2020 1450 2046 in

93 2055 222 2084 ecclesia
256 2056 477 2084 Canonieomm
512 2056 744 2093 Sipontinomm
779 2056 1009 2085 Mansredoniae
1045 2062 1232 2087 asservatur.
1268 2057 1450 2093 descriptam

93 2095 182 2123 nobis
203 2097 372 2124 transmisit
389 2097 540 2125 Antonius
557 2096 706 2125 Beatillus
727 2100 831 2125 noster
846 2094 888 2135 [S.
907 2094 941 2133 1.]
947 2117 1073 2125 .....
1095 2097 1199 2125 Tertia
1221 2106 1280 2124 non
1304 2101 1364 2125 tani
1387 2099 1451 2126 vita

91 2137 149 2168 est,
178 2143 268 2172 quam
290 2135 481 2172 Antiphonae
503 2139 533 2164 et
553 2137 774 2173 Remonsoria,
809 2141 842 2165 ut
863 2141 981 2169 vocant,
1006 2136 1106 2164 Officii
1131 2137 1339 2164 ecclesiastici.
1384 2157 1389 2163 .
1414 2158 1420 2164 .
1444 2160 1448 2164 .

95 2173 190 2202 Porro
211 2174 322 2211 duplex
344 2179 409 2204 erat
430 2176 535 2204 horum
560 2178 721 2204 metrorum
742 2176 911 2213 exemplar:
935 2185 1027 2204 unum
1050 2177 1142 2213 priori
1164 2177 1252 2204 Vitae
1276 2176 1451 2212 praefixum,

93 2213 221 2242 alterum
244 2215 402 2247 secundae.
425 2217 457 2244 in
480 2215 625 2244 lectiones
647 2218 778 2253 partitae
801 2216 1019 2244 interiectum.“
1059 2217 1120 2243 Der
1134 2217 1209 2243 Text
1232 2217 1270 2242 ist
1293 2217 1368 2243 nach
1385 2216 1451 2244 dem

92 2256 224 2282 ersten-en
254 2255 429 2292 mitgeteilt:
457 2255 624 2284 variamen
651 2264 706 2284 aus
728 2255 795 2283 dem
817 2257 962 2284 zweiten:
986 2256 1023 2282 In
1050 2254 1073 2283 1.
1105 2257 1210 2283 Noct.
1234 2253 1263 2283 R
1288 2254 1311 2288 1,
1333 2255 1351 2284 :3
1374 2256 1449 2283 Nam

91 2301 180 2328 quem
203 2297 316 2332 patrem
339 2296 420 2323 laeta
441 2299 534 2323 tenes.
556 2310 595 2314 —
615 2293 646 2323 R
667 2293 693 2330 2,
713 2294 726 2323 l
750 2295 792 2323 Ut
815 2305 850 2324 ex
874 2295 952 2322 facta
974 2303 992 2323 a
1008 2297 1146 2332 siponto.
1168 2310 1206 2314 --
1230 2295 1270 2322 In
1293 2294 1319 2322 2.
1344 2296 1449 2323 Nnct.

92 2330 122 2362 R
143 2331 169 2368 2,
188 2333 202 2362 1
226 2333 328 2362 beavit
349 2337 380 2362 et
400 2335 535 2369 ornavit;
559 2345 596 2363 zu
618 2335 749 2363 arctavit
770 2344 818 2362 am
841 2334 945 2362 Raude
967 2332 1017 2362 die
1034 2335 1240 2371 Bemerkuug:
1265 2335 1342 2362 alias
1365 2334 1448 2362 ‹lota-

90 2373 144 2401 vit.
167 2389 201 2393 —
225 2370 255 2401 R
275 2372 302 2408 2,
325 2372 344 2402 4
369 2384 406 2403 zu
437 2375 602 2403 Montanus
626 2383 674 2402 ain
697 2374 802 2402 Raude
831 2374 881 2402 die
904 2374 1112 2411 Bcincrkung:
1140 2375 1310 2411 Garganus.
1339 2388 1377 2393 —-
1408 2375 1449 2401 In

89 2409 117 2442 3.
132 2413 236 2443 Noct.
258 2412 286 2442 A
307 2411 334 2448 3,
351 2412 370 2442 3
391 2423 512 2443 carnem
532 2415 653 2443 exuisti.
669 2428 706 2432 —
722 2410 752 2442 R
770 2412 794 2447 1,
809 2412 828 2441 4
849 2413 972 2451 plenum
994 2415 1123 2442 insania.
1139 2429 1177 2433 —
1193 2412 1221 2441 R
1236 2412 1262 2442 3,
1279 2412 1297 2441 3
1312 2414 1371 2447 Qui
1394 2413 1450 2440 fuit

89 2455 132 2482 ut.
152 2468 192 2473 —
212 2453 276 2483 Das
298 2455 404 2483 zweite
426 2454 592 2491 Exemplar
613 2453 739 2482 schliest
759 2454 816 2481 mit
836 2453 904 2481 dem
925 2450 952 2481 3.
974 2453 1065 2490 Resp.
1087 2454 1140 2482 der
1160 2452 1186 2481 3.
1204 2454 1290 2481 Noct.
1326 2454 1361 2480 In
1383 2452 1450 2480 dem

90 2495 224 2522 erenei-en
243 2493 320 2532 folgt
340 2494 417 2522 nach
439 2495 507 2523 dem
532 2495 609 2522 eben
629 2495 803 2530 genannten
824 2493 915 2529 Resp.
937 2496 1016 2521 samt
1031 2492 1170 2521 Versikel
1194 2492 1271 2520 noch
1294 2492 1448 2529 folgendes

89 2531 199 2570 „Aliud
218 2533 474 2571 Responsorium“
485 2543 492 2560 :
