1650 2727
686 120 924 156 -30—

230 302 256 334 9.
299 303 341 335 De
362 302 459 336 beata
480 304 581 336 Maria
604 305 630 336 V
652 303 684 336 in
706 303 891 336 Inventione
912 301 1133 344 Reliquiarnm
1157 298 1385 334 Baiooensinm.

274 426 319 457 In
348 426 379 458 1.
408 425 633 466 Vesperi&

199 550 206 557 .
235 522 341 564 Stirps
368 523 456 555 Iesse
483 523 605 563 virgam

282 571 435 612 produxit
472 572 625 612 virgaque
652 569 773 611 florem,

233 620 277 653 Et
304 629 402 660 snper
428 620 511 651 hunc
536 617 647 650 florem

285 668 457 708 requiescit
485 668 620 709 spiritus
645 667 759 701 almuS.

196 743 203 750 .
232 717 330 758 Virgo
359 717 417 749 Dei
446 716 593 757 genetrix

281 767 373 805 virga
399 770 468 803 est,
501 764 559 797 flos
583 764 669 796 filius
696 764 776 796 eius.

273 912 317 943 In
347 913 378 944 1.
406 911 639 944 Nocturno.

356 987 555 1022 Antiphtmae.

199 1097 205 1103 .
235 1069 289 1115 [Ο]
316 1071 467 1112 specialis

283 1121 372 1160 virgo
400 1122 484 1152 iuter
510 1120 635 1159 agmina

235 1170 412 1211 Virginum,
441 1170 544 1209 gaude

284 1227 415 1249 munere
437 1216 618 1258 magnifico

234 1267 322 1305 Quae
348 1267 417 1298 sola
444 1275 549 1306 regem

283 1324 390 1356 regum
419 1315 515 1348 ferre.
542 1314 660 1355 Maria,

233 1364 342 1404 Digna
369 1363 459 1395 fuisti

284 1417 373 1444 casta
397 1413 482 1444 intra
510 1414 646 1452 viscera,

234 1460 294 1499 Qui
318 1461 494 1492 minoratus

283 1509 447 1550 paululum
475 1509 516 1541 ab
543 1510 678 1549 angelis.

233 1558 283 1590 Ex
314 1558 449 1590 deitate-

284 1615 345 1647 que
371 1606 457 1648 patri
483 1607 668 1639 consimilis,

200 1737 206 1743 .
235 1714 324 1746 Caeli
353 1714 495 1754 reginam

284 1767 315 1794 te
341 1762 421 1802 iure,
449 1762 566 1799 Maria,
595 1761 745 1805 fatemur,

235 1811 285 1842 Ex
313 1811 402 1843 cuius
427 1810 568 1843 thalamo

284 1860 441 1900 processit
468 1860 610 1892 iustitiae
637 1860 695 1893 sol.

199 1993 205 1999 .
236 1966 343 2007 Virgo.
371 1967 526 1998 creatoris

282 2015 443 2047 caelorum
471 2022 574 2047 mater
601 2021 631 2047 et
658 2016 757 2059 orbis,

234 2064 385 2096 Innocuis
411 2066 558 2096 manibus

283 2114 402 2145 mundo
416 2122 541 2154 qnoque
557 2114 655 2146 corde
670 2113 774 2154 beata,

234 2161 308 2193 Rite
334 2161 396 2193 Dei
424 2162 575 2202 pinguem

283 2211 429 2243 meruisti
447 2211 605 2243 scandere
623 2216 773 2245 montem.

347 2338 558 2374 Responsoria.

198 2438 206 2446 .
234 2412 361 2446 Prodiit
389 2421 427 2445 ex
456 2412 610 2445 Abrabae

281 2470 436 2503 generosa
463 2462 566 2503 stirpe
592 2461 714 2503 Maria,

867 424 905 457 V.

876 571 908 604 2.

868 764 894 795 V
901 790 908 797 .

934 424 1032 465 Virgo
1059 427 1239 456 creatorem

983 474 1194 514 progenitura
1216 479 1320 504 suum.

937 570 1037 611 Virga
1062 570 1136 602 tulit
1163 569 1250 601 sicca

985 617 1123 651 fructum
1153 617 1306 658 virgoque
1333 615 1453 658 pudica

935 667 1009 699 Non
1037 673 1193 708 operante
1218 667 1289 698 viro

983 716 1108 756 prolem
1141 715 1217 748 tulit
1243 714 1358 747 ordine
1384 714 1477 756 miro,

935 763 1019 797 Nam
1045 764 1138 805 virgo
1164 764 1296 805 pariens

984 813 1140 846 inviolata
1167 818 1286 845 manet.

901 936 906 940 .
936 910 1105 944 castitatis
1132 910 1174 942 ad
1202 910 1398 950 exemplum,

936 959 1047 999 Virgo,
1077 958 1136 990 Dei
1164 957 1251 990 facta
1278 959 1446 999 templum,

984 1007 1048 1039 Ora
1074 1013 1212 1047 patrem,
1242 1006 1318 1045 filia,

899 1082 906 1089 .
936 1055 1003 1089 Nos
1029 1062 1063 1088 ut
1091 1056 1226 1088 mundos
1254 1066 1272 1088 a
1300 1056 1443 1096 peccatis

985 1104 1048 1137 Sua
1075 1106 1178 1136 salvet
1205 1104 1320 1144 gratia.

975 1261 1020 1292 In
1050 1263 1080 1294 2.
1110 1260 1343 1293 Nocturno.

1057 1347 1257 1383 Antiphonae.

901 1462 908 1469 .
937 1435 1052 1468 Gratia
1079 1435 1240 1475 caelestis7

985 1485 1169 1524 reparatrix
1196 1485 1296 1516 totius
1321 1485 1422 1518 orbis.

937 1533 1061 1565 Diffusa
1088 1538 1136 1564 est
1163 1532 1258 1564 labiis

985 1582 1076 1622 virgo
1102 1581 1209 1614 Maria
1237 1583 1319 1622 tuis;

936 1631 1115 1671 Propterea
1142 1639 1251 1670 regum

984 1683 1015 1710 te
1042 1689 1099 1711 rex
1126 1679 1295 1712 benedixit
1315 1679 1347 1711 in
1365 1688 1480 1712 aevum

934 1728 978 1760 Et
1004 1727 1083 1760 facit
1109 1738 1127 1760 a
1155 1729 1291 1767 dextris,

985 1782 1082 1815 casta,
1111 1777 1227 1808 sedere
1253 1777 1331 1810 suis.

938 1828 1045 1858 Aurea
1069 1835 1165 1865 quam
1191 1825 1281 1858 fulvo

983 1875 1081 1906 vestis
1109 1874 1310 1906 circumdata
1334 1875 1434 1907 limbo

934 1923 1047 1955 Ambit
1073 1928 1105 1954 et
1131 1929 1267 1956 exornat

987 1972 1111 2012 riteque
1139 1972 1346 2006 condecorat.

901 2095 907 2101 .
937 2069 1149 2102 Sanctificatus
1175 2070 1333 2102 Dominus

982 2119 1138 2159 templum
1159 2118 1308 2153 Christus
1327 2119 1390 2152 sibi
1410 2120 1480 2162 dig-

1262 2177 1338 2200 num

934 2215 1068 2256 Virgine
1094 2220 1198 2248 matre
1224 2222 1313 2249 satus

984 2264 1153 2297 descendit
1171 2264 1212 2298 ab
1231 2275 1307 2298 arce
1318 2266 1469 2307 polorum

934 2313 1078 2347 Cunctae
1105 2315 1154 2346 cui
1182 2319 1306 2356 gentes,

983 2366 1091 2396 terrae
1117 2363 1214 2396 simul
1231 2364 1340 2403 omnia
1357 2374 1475 2408 regna,

935 2411 1060 2452 Gaude,
1089 2411 1151 2444 Dei
1176 2414 1336 2454 genetrix,

985 2461 1109 2501 dicunt,
1136 2461 1176 2494 he
1203 2461 1309 2503 Kyria
1335 2463 1444 2497 chere.

1472 2295 1480 2311 7
