1650 2727
861 141 930 176 163
983 162 1053 170 —.

223 237 284 271 3a.
311 237 390 278 Quis
416 246 546 270 errores
571 243 732 277 numerat,
926 239 990 274 3b.
1021 240 1123 273 Ebria
1152 242 1349 274 modernitas

310 285 397 326 Quos
423 287 562 320 mundus
589 286 790 328 exaggerat?
1020 289 1084 322 Res
1111 294 1198 322 amat
1224 291 1382 323 insolitas,

221 365 283 398 4a.
310 363 406 398 Bella
431 365 563 406 placent
589 365 715 404 aulicis,
925 365 990 399 4b.
1020 368 1141 407 Vulgus
1168 367 1266 399 habet
1293 378 1390 400 onem

312 413 498 446 Protervire
523 414 666 456 rusticis,
1016 416 1126 456 Aegre
1154 414 1261 448 ferens
1291 417 1433 456 vulnera,

309 461 419 494 Usura
445 462 600 503 politicis,
1015 465 1092 504 Quis
1118 465 1232 506 nescit,
1260 469 1336 504 quot
1362 474 1463 506 opera

309 510 454 545 Simonia
479 510 617 546 clericis.
1018 513 1204 553 Sequuntur
1231 518 1305 553 post
1333 513 1447 546 funera
1458 516 1473 544 ἱ)

219 590 279 621 5a.
309 587 386 621 Plus
413 589 522 628 placet
548 589 613 620 iam
642 588 775 621 fatuitas
925 589 987 623 5b.
1018 590 1094 622 Plus
1121 593 1290 622 truncatus
1317 590 1445 622 habitus

307 637 408 676 Quam
436 646 649 678 personarum
677 639 818 680 trinitas,
1017 640 1119 678 Quam
1149 640 1234 670 dona
1260 640 1363 670 sancti
1391 640 1536 680 spiritus,

307 685 386 718 Plus
413 685 507 718 Decii
534 686 689 718 nobilitas
1015 687 1093 719 Plus
1121 687 1282 719 idolorum
1309 689 1449 720 servitus

305 736 407 774 Quam
434 734 526 777 fides,
561 745 636 776 spes
663 741 695 767 et
722 735 852 769 caritas.
1014 737 1115 775 Quam
1151 746 1210 776 pro
1237 737 1381 776 peccatis
1408 738 1563 777 gemitus.

215 814 276 846 Ga.
307 812 384 845 Plus
409 813 515 853 placet
544 814 643 846 crinis
670 814 788 846 tractio
921 813 984 848 fib.
1015 815 1081 847 lam
1110 815 1352 854 amplectuntur
1380 815 1455 847 odio

303 863 405 902 Quam
432 862 578 904 psalmus
606 863 657 894 vel
684 863 798 905 oratio,
1014 864 1129 896 Clerus
1157 868 1188 894 et
1218 863 1341 904 religio,

304 911 382 944 Plus
409 911 545 944 Veneris
571 912 685 944 abusio
1010 914 1088 952 Quis
1116 912 1204 944 novit
1231 911 1272 944 ab
1300 912 1392 945 initio

303 961 405 1000 Quam
432 962 531 993 missa
560 962 609 993 vel
637 961 778 996 devotio,
1012 962 1072 994 Tot
1101 962 1222 993 rivulos
1250 970 1268 992 a
1297 962 1396 993 vitio!

215 1039 274 1072 7a.
302 1039 411 1072 Maior
438 1039 525 1071 cedit
553 1043 585 1071 et
609 1039 734 1079 obedit,
921 1039 983 1073 7b.
1014 1041 1121 1071 Poena
1146 1040 1242 1082 iacet,
1273 1040 1369 1080 culpa
1395 1040 1505 1080 placet

352 1088 462 1120 Minor
488 1097 597 1120 senem
624 1089 741 1129 arguit,
1059 1089 1177 1128 Cleris,
1204 1090 1320 1130 servis,
1350 1089 1501 1129 dominis,

303 1137 451 1170 Schisma
480 1137 576 1175 redit,
601 1139 780 1170 retrocedit
1010 1138 1108 1170 Docti
1136 1139 1277 1178 degunt,
1311 1139 1401 1170 stulti
1430 1142 1560 1179 regunt,

350 1186 430 1226 Lex,
457 1196 539 1228 quae
566 1188 656 1228 prius
683 1187 817 1227 placuit.
1059 1188 1166 1219 Lucra
1191 1188 1313 1219 dantur
1339 1187 1448 1219 asinis.

569 1267 600 1300 8.
630 1266 754 1306 Pompa
779 1266 889 1308 placet
916 1265 1059 1304 feminis,

629 1315 718 1348 Talis
745 1320 849 1347 status
878 1315 1016 1347 hominis

628 1364 687 1397 Est
716 1366 748 1396 in
776 1365 887 1396 mundi
914 1365 1075 1397 terminis.

278 1443 352 1470 Piae
376 1443 538 1471 Cantiones
570 1441 644 1470 1552
672 1443 721 1469 fol.
751 1444 778 1470 K
807 1441 851 1470 ’lb
878 1452 941 1479 sqq.
970 1442 1157 1475 (Kleinming
1184 1442 1242 1474 lv,
1270 1443 1287 1468 S
1309 1442 1349 1471 ff.)
1372 1455 1408 1460 —-
1438 1441 1480 1469 Zu
1501 1441 1556 1476 fib,

196 1477 217 1508 3
236 1490 280 1518 sq.
303 1481 363 1519 vgl.
386 1482 437 1509 Nr.
462 1480 532 1512 196,
565 1482 623 1510 Str.
647 1482 677 1509 4.
709 1481 724 1508 Τ
746 1492 805 1518 sq.;
833 1491 870 1509 zu
893 1481 949 1509 7a.
980 1481 998 1508 3
1018 1492 1061 1518 sq.
1104 1481 1154 1507 Nr.
1181 1480 1244 1510 196,
1269 1484 1325 1508 Str.
1349 1479 1375 1508 3.
1398 1479 1414 1507 7
1440 1490 1498 1518 sq.;
1520 1491 1557 1510 zu

197 1517 252 1554 Tb,
274 1522 325 1549 Nr.
350 1519 404 1548 195
429 1525 488 1550 stt,
510 1520 537 1553 4,
563 1520 646 1549 1-4.

212 1729 243 1762 1.

594 1647 655 1678 198.
698 1646 740 1677 De
763 1645 950 1686 'sempor-um
972 1645 1160 1685 iniquitate.

272 1729 364 1762 Mars
391 1729 575 1769 praecurrit
603 1730 634 1761 in
662 1729 815 1770 planetis.

270 1778 376 1811 Homo
402 1779 493 1818 pacis
521 1782 552 1810 et
580 1779 698 1819 quietis

319 1827 374 1861 Nil
402 1828 490 1860 valet
515 1828 547 1859 in
576 1827 721 1870 saeculo,

269 1877 336 1910 Sed
363 1877 495 1918 tyranni
523 1882 556 1909 et
583 1876 720 1916 feroces,

267 1927 330 1968 Qui
355 1927 398 1959 ad
425 1927 511 1959 mala
538 1933 613 1959 sunt
642 1926 780 1967 veloces,

316 1975 360 2009 Hi
386 1979 527 2018 regnant
552 1976 585 2008 in
612 1976 744 2017 populo.

266 2025 416 2059 Effrenes
443 2030 476 2058 et
502 2025 665 2066 indomiti,

315 2075 377 2116 Qui
405 2075 579 2108 devastant
597 2081 630 2109 et
649 2075 840 2115 incendunt,

315 2125 404 2166 Quae
414 2130 490 2157 sunt
499 2134 569 2165 sua,
581 2135 644 2158 non
653 2126 839 2165 attendunt,

265 2174 365 2207 Tales
391 2175 526 2215 placent
551 2174 673 2208 comiti.

920 1731 952 1762 2.
982 1728 1110 1760 Ducunt
1141 1738 1266 1770 vaccaS,
1301 1737 1412 1769 equos,
1443 1729 1553 1769 boves,

981 1777 1116 1819 Capras,
1146 1778 1263 1816 hircos,
1291 1788 1419 1818 porcos,
1448 1788 1524 1811 oves

1027 1828 1081 1866 Et,
1110 1827 1136 1858 si
1164 1837 1246 1867 quae
1272 1827 1410 1868 similia3

979 1877 1111 1910 Ducunt
1139 1877 1246 1908 lanam
1273 1881 1371 1917 atque
1399 1877 1513 1917 linum,

979 1926 1026 1958 De
1054 1926 1178 1967 rapinis
1205 1925 1343 1965 impleut
1369 1927 1487 1966 sinum,

1027 1976 1139 2008 Nudat
1165 1980 1300 2007 matrem
1330 1975 1406 2008 tilia.

976 2025 1038 2063 En,
1069 2024 1167 2057 iudex
1195 2032 1270 2057 ante
1298 2025 1425 2058 ianuam

1026 2075 1173 2108 Clamat:
1195 2076 1307 2109 redde.
1329 2085 1410 2114 quae
1430 2075 1548 2117 tulisti,

1024 2124 1083 2156 Vel
1107 2124 1230 2164 peribis
1259 2133 1335 2155 casu
1363 2124 1449 2156 tristi

974 2175 1116 2206 Mortem
1143 2182 1203 2216 per
1231 2174 1462 2213 turpissimam.

540 2254 573 2287 3.
602 2255 676 2287 Iesu
704 2253 846 2296 Christe,
874 2253 921 2286 fili
949 2253 1064 2293 patris,

599 2301 721 2338 Confer
747 2302 841 2336 nobis
867 2303 931 2335 iam
958 2303 1084 2335 renatis

648 2352 753 2385 Tuum
781 2355 928 2385 sanctum
955 2352 1118 2392 spiritum.

597 2401 682 2442 Quid
710 2402 884 2443 prodesset
908 2400 1003 2434 nobis
1030 2400 1132 2438 nasci,

595 2452 629 2486 Si
656 2454 692 2484 tu
718 2451 832 2491 velles,
859 2459 929 2491 rex,
956 2450 1066 2490 irasci,

645 2500 700 2533 Ad
727 2504 872 2532 nostrum
899 2500 1086 2532 interitum!

1306 2555 1365 2584 11*
