1650 2727
689 135 958 172 —137—

183 229 217 264 3.
245 230 336 264 Grex
361 232 396 266 in
422 235 519 265 nocte
545 234 704 277 pascitur,

245 279 338 314 Caeli
362 281 473 314 lumen
497 279 660 325 funditur,

244 329 332 362 Laus
358 330 392 363 in
417 330 494 363 altis
522 332 668 374 canitur;

244 377 351 420 Igitur

247 427 348 460 Porta
376 427 458 459 caeli
485 428 654 468 panditur.

190 536 223 568 4.
252 535 417 568 Gaudium
444 536 660 579 praedicitur,

246 585 315 618 Pax
341 593 469 626 quoque
495 585 713 626 promittitur,

246 633 348 666 Bonis
373 638 483 666 tamen
509 634 674 676 traditur-3

246 682 353 724 Igitur

247 732 347 764 Porta
374 732 456 764 caeli
483 732 651 773 panditur.

185 842 216 873 5.
246 840 373 872 Novum
401 839 493 872 sidus
519 839 636 880 oritur,

245 889 364 922 Mortis
392 889 509 922 umbra
535 889 674 925 tollitur,

244 939 364 971 Mundi
391 939 479 971 salus
507 938 671 980 gignitum

245 988 350 1029 Igitur

250 1038 349 1070 Porta
376 1036 459 1070 caeli
485 1037 653 1079 panditur.

540 1148 571 1179 9.
599 1144 814 1185 Argumentis
841 1144 941 1186 igitur

894 236 927 269 6.
954 234 1149 276 Diligentius
1176 236 1337 276 proditur,

955 283 1012 316 Nil
1040 283 1222 324 culpandus
1248 285 1398 329 moritur,

956 331 1031 365 Non
1058 332 1238 365 vincendus
1266 334 1416 377 c2pitur3

956 382 1062 421 Igitur

959 429 1057 462 Porta
1085 430 1167 461 caeli
1194 432 1359 471 panditur.

924 565 931 572 .
960 536 1056 570 Cruci
1084 537 1151 569 vita
1177 537 1299 578 figitur,

960 585 1113 618 Infernus
1138 586 1329 625 destruitur,

957 634 1141 675 captivitas
1167 635 1315 677 tollitur3

959 683 1064 724 Igitur

961 734 1059 766 Porta
1085 732 1168 764 caeli
1195 732 1360 773 panditur.

922 868 928 874 .
957 840 1065 873 Adam
1092 849 1177 872 nexu
1204 840 1353 876 solvitur.

957 889 1049 922 Mors
1076 898 1153 922 orco
1182 889 1388 929 deprimitur,

959 939 1065 978 Caput
1092 938 1194 970 hostis
1222 939 1358 978 teritum

956 989 1062 1028 Igitur

956 1038 1055 1070 Porta
1083 1036 1164 1068 caeli
1192 1036 1358 1076 panditur.

601 1196 639 1228 In
667 1194 718 1226 his
746 1194 898 1227 Christus
926 1194 1066 1235 sistitur,

602 1243 713 1276 Morte
740 1243 786 1276 sic
814 1243 1020 1285 excluditur3

600 1293 704 1334 Igitur

603 1343 703 1375 Porta
730 1342 812 1375 caeli
839 1342 1008 1383 panditur.

226 1451 302 1479 Piae
318 1452 481 1479 cantiones
504 1451 554 1478 foi.
570 1452 594 1478 A
617 1450 632 1478 'a'
657 1459 682 1478 a.
697 1450 883 1486 (Klemming
898 1450 938 1483 11,
962 1447 998 1478 12
1021 1451 1075 1476 mit
1097 1448 1149 1476 ‹ler
1170 1449 1281 1483 irrig··12
1299 1447 1511 1481 Bezeiclunung

149 1490 382 1528 „Hymnus“.)

579 1645 636 1677 171.
678 1644 723 1676 De
745 1643 922 1676 Nativitate
946 1643 1080 1675 Domini.

188 1750 220 1783 1.
248 1750 279 1782 A
307 1747 433 1781 dextris
459 1747 520 1780 Dei
549 1747 708 1781 Dominus

244 1797 346 1832 Initio
371 1797 424 1839 qui

295 1847 388 1880 sedet
416 1851 448 1878 et
476 1848 508 1880 in
534 1856 661 1886 aevum,

246 1896 395 1930 Advenit
419 1897 516 1929 nobis
542 1896 724 1929 comminus

248 1947 384 1980 Hostem
412 1946 591 1979 scabellum

294 2005 419 2036 ponens
444 1996 541 2037 pedis
568 2005 712 2029 saevum.

247 2046 298 2079 Ex
325 2045 403 2079 Sion
429 2044 501 2084 flos,

246 2095 401 2129 Dulcoris
429 2105 494 2138 ros,

296 2145 399 2187 Virga
426 2145 511 2178 viret
537 2153 685 2178 amoene.

162 2253 222 2290 R⁰
250 2255 370 2288 Rosam
397 2254 494 2295 spina
520 2254 607 2297 parit

296 2307 443 2336 sanctam
470 2312 559 2344 vere,

249 2355 279 2386 A
305 2362 369 2394 qna
390 2353 569 2396 gratiarum

297 2400 402 2435 fluunt
427 2411 541 2441 venae,

249 2451 310 2487 Cui
337 2460 394 2484 cor
419 2450 518 2485 fidele

299 2500 391 2534 dicat
416 2500 511 2536 bene.

898 1749 930 1782 2.
960 1746 1024 1779 Hic
1052 1747 1153 1779 crevit
1182 1752 1211 1778 et
1239 1747 1271 1778 in
1299 1745 1439 1785 tegimen

959 1795 1030 1829 Nec
1057 1806 1121 1829 non
1150 1800 1338 1828 cunctorum

1009 1845 1274 1882 dominationem„

959 1895 1063 1928 Caeli.
1090 1899 1262 1936 terraeque
1289 1894 1444 1937 regimen,

961 1944 1032 1978 Abs
1058 1945 1131 1977 labe
1159 1945 1220 1976 viri

1011 1994 1269 2027 incarnationem

961 2043 1066 2086 Cepit,
1095 2047 1129 2076 ut
1157 2054 1214 2076 nos

960 2094 1116 2126 Essemus
1145 2093 1205 2125 dos

1012 2143 1231 2175 Aeternitutis
1259 2142 1366 2182 plene.

881 2251 937 2285 R⁰
965 2253 1085 2286 Rosam
1112 2252 1207 2292 spina
1234 2252 1321 2291 parit

1012 2305 1160 2334 sanctam
1188 2310 1274 2341 vere.

963 2353 994 2384 A
1021 2361 1085 2392 qua
1110 2351 1289 2392 gratiarum

1013 2399 1117 2433 fluunt
1144 2409 1257 2438 venae,

964 2450 1024 2484 Cui
1052 2459 1108 2482 cor
1134 2448 1232 2481 fidele

1013 2499 1103 2532 dicat
1129 2498 1222 2533 bene.
