1650 2727
653 153 922 192 —115-

542 300 592 332 45.
633 299 677 332 De
698 299 811 332 saneto
833 296 1024 338 Hyacinthe.

246 394 292 428 In
330 395 360 429 1.
397 392 618 434 vesperis.

295 470 392 508 Super
411 470 568 508 psalmum.

147 570 190 605 A.
216 569 322 604 Adest
348 569 418 602 dies
443 569 592 609 celebris,

215 619 286 658 Quo
309 618 404 651 nobis
429 623 534 651 mater
558 617 699 650 ecelesia

216 669 254 701 In
279 667 364 701 festo
389 667 472 700 tanti
497 667 629 701 luminis

213 715 315 750 Offert
340 725 423 749 nova
449 715 633 757 praeludia,

211 765 296 798 Dum
329 765 489 798 lacintnm
515 764 757 797 sanctissimum

214 814 348 848 Cunctis
374 814 478 847 tradit
505 814 689 846 hominibus

214 863 443 896 Venerandum
471 873 530 904 per
552 862 694 896 saecula.

312 980 358 1008 Ad
378 980 563 1017 Magnificat.

183 1088 191 1095 .
219 1061 347 1103 lactati,
373 1061 449 1093 novi
476 1059 609 1100 sideris,

218 1109 467 1150 Magnifieemus
493 1108 641 1150 gloriam,

219 1159 280 1199 Qui
307 1158 338 1190 in
366 1158 432 1190 vita
458 1157 698 1201 pauperrimus,

220 1207 352 1248 Magnis
379 1208 510 1239 dotatus
537 1207 672 1245 meritis,

222 1257 360 1297 Semper
385 1256 477 1288 auxit
504 1256 686 1289 ecclesiam.

216 1307 320 1346 Quam
338 1306 423 1347 pius,
445 1314 540 1345 quam
555 1304 765 1344 humillimus,

218 1355 414 1394 Exemplum
443 1354 533 1387 dedit
561 1353 700 1386 saeculis

221 1403 393 1444 Nunquam
421 1412 570 1436 casurum
590 1402 762 1436 mentibus.

250 1560 312 1592 Ad
350 1560 622 1594 Matutinum.

326 1638 548 1666 Invitatorium.

218 1735 329 1775 Iubar,
357 1737 443 1777 quod
472 1736 528 1769 diu
552 1737 658 1777 latuit,

217 1784 349 1818 Cunctis
375 1786 563 1826 resplendet
591 1787 699 1820 hodie.

249 1943 297 1976 In
334 1943 365 1976 1.
402 1942 641 1978 Nocturno.

336 2020 538 2057 Antiphonae.

178 2145 187 2155 .
214 2120 331 2154 Iacinti
358 2131 477 2163 corpus
504 2124 628 2156 tumulo

212 2170 316 2204 Laeta
341 2172 438 2204 sumit
466 2172 633 2216 Cracovia‚

213 2219 390 2262 Sanctique
416 2221 478 2254 viri
504 2221 655 2264 spiritum

212 2269 303 2305 Caeli
329 2272 474 2312 suscepit
502 2272 603 2307 cutia.

179 2394 187 2403 .
214 2368 322 2410 Quare
348 2367 518 2403 frementis
545 2371 659 2412 populi

212 2418 359 2452 lacintus
385 2420 488 2454 corda
511 2421 656 2462 gentium

210 2467 324 2502 Verbo
348 2469 511 2503 convertit
538 2470 664 2514 humili,

213 2516 324 2552 Corda
347 2519 504 2562 tangebat
531 2518 722 2553 hominum?

860 391 893 423 3.
922 389 982 421 Vir
1008 387 1072 420 fuit
1097 388 1316 429 evangelicus,

850 1393 894 1430 V.

849 1809 892 1847 V.

917 437 976 477 Qui
1004 438 1054 469 sui
1080 437 1184 478 patris
1212 437 1335 468 monita

916 486 1054 519 Secutus
1081 491 1129 518 est
1157 486 1315 518 divinitus

917 535 1059 568 Caelesti
1086 535 1202 575 plenus
1229 534 1346 575 gratia.

1037 621 1251 657 Responsoria.

881 707 890 716 .
916 681 1080 715 Iaceutem
1109 680 1263 713 mundum
1293 681 1438 714 tenebris

919 731 1064 764 Ianintus
1092 734 1195 762 totum
1224 731 1385 773 repperit,

920 779 984 812 Sed
1013 779 1085 811 luce
1110 779 1215 811 sancti
1247 779 1386 811 flaminis

920 829 1022 860 Totus
1047 837 1205 860 accensus
1229 827 1352 860 ferbuit

921 877 963 911 Et
991 878 1091 910 eorda
1118 882 1254 918 tangens
1286 877 1449 910 hominum

921 926 1045 959 Multos
1073 927 1115 958 ad
1143 925 1253 957 fletum
1286 926 1454 966 compulit.

886 973 1092 1008 ‚Fluminis
1130 975 1271 1015 impetus
1312 975 1468 1016 laetificat

921 1024 1086 1056 cie-itatem
1112 1024 1188 1056 Dei.

889 1128 895 1135 .
923 1101 988 1135 Hic
1014 1106 1201 1134 sanctorum
1227 1100 1451 1134 confessorum

973 1151 1087 1183 Gloria
1114 1151 1351 1191 sanctissimus,

924 1200 988 1232 Hic
1003 1200 1191 1232 studentum
1207 1210 1319 1232 norma
1331 1209 1468 1243 morum,

974 1249 1035 1280 Yir
1063 1253 1111 1280 est
1140 1249 1191 1279 hic
1219 1250 1410 1291 catholicus,

925 1297 998 1330 Suis
1027 1302 1156 1330 vertens
1183 1299 1215 1329 in
1243 1304 1410 1337 stuporem

975 1347 1116 1379 Patriam
1146 1347 1363 1380 sermonibus.

921 1397 1062 1436 Ignitum
1092 1395 1225 1428 verbum
1252 1396 1425 1436 proferens

924 1444 1106 1478 Inflammut
1134 1446 1235 1477 corda
1262 1445 1394 1486 frigida.

927 1520 1016 1551 luter
1042 1518 1139 1551 flores
1166 1519 1227 1551 hoe
1253 1520 1380 1551 lacinto

974 1568 1052 1599 flos
1079 1577 1143 1600 non
1172 1568 1383 1606 redolentior,

925 1617 1016 1649 Inter
1045 1626 1188 1658 gemmas
1215 1618 1377 1660 pretiosas

972 1665 1075 1698 Nulla
1101 1676 1228 1707 gemma
1255 1668 1387 1709 clarior,

924 1716 982 1756 Qui
1010 1716 1166 1748 virtutum
1194 1716 1253 1748 flos
1281 1722 1311 1748 et
1332 1727 1470 1754 morum,

972 1764 1107 1797 Gemma
1118 1766 1297 1807 splendens
1308 1767 1469 1800 omnibus.

921 1813 1010 1846 Date
1028 1813 1100 1846 Deo
1127 1814 1334 1848 voluntarias
1347 1816 1471 1856 primi-

918 1864 983 1895 tias
1028 1865 1057 1894 et
1094 1874 1287 1904 purpuram
1323 1868 1349 1897 et
1389 1866 1469 1908 hya-

918 1912 1077 1946 cinlhum.

951 2012 993 2043 ln
1030 2013 1063 2044 2.

1045 2081 1247 2116 Antiphonae.

1101 2011 1337 2046 Nocturno.

884 2176 892 2184 .
919 2150 967 2183 Te
994 2151 1182 2183 invocamus
1208 2151 1385 2184 Dominum

921 2201 958 2232 In
988 2200 1081 2232 huius
1109 2202 1213 2232 sancti
1242 2201 1382 2242 gaudiis,

921 2249 1052 2281 Exaudi
1079 2254 1167 2282 tuum
1195 2251 1352 2290 populum

921 2298 1077 2331 Placatus
1104 2301 1171 2332 suis
1198 2300 1336 2332 meritis.

885 2396 893 2405 .
923 2371 1033 2405 Verba
1059 2373 1232 2413 prudentis
1260 2374 1399 2408 hominis

922 2421 1047 2454 Fluunt
1074 2432 1114 2455 ex
1140 2431 1196 2455 ore
1224 2424 1349 2465 coelici,

919 2470 1006 2503 Dum
1033 2480 1117 2512 aqua
1144 2473 1248 2505 sancti
1276 2472 1418 2508 fluminis

922 2521 1109 2561 Purgentur
1134 2531 1246 2554 omues
1272 2525 1398 2565 populi.

1247 2576 1291 2607 8*
