1650 2727
721 149 988 187 —167-

212 248 244 282 2.
272 246 411 280 Duceris
437 246 472 279 in
503 246 656 287 patriam,

323 296 452 337 patriae
478 293 633 327 defensor
661 296 787 340 herilis,

274 344 434 378 Traderis
459 347 557 384 atque
583 342 675 387 feris,

321 393 381 426 sed
407 402 507 425 ovans
525 392 659 425 illaesus
678 395 823 437 haberis,

213 443 255 476 V.
281 441 448 475 Morsibus
473 442 559 474 alma
585 442 682 475 nimis

325 491 445 523 dantur
462 495 517 522 tua
534 490 682 524 membra
697 491 822 527 feriniS.

202 581 234 614 3.
263 579 357 613 Cives
385 579 506 612 turbati

324 628 456 661 Paridis
483 628 605 662 virtute
631 628 729 670 beati,

273 677 337 711 Sed
362 677 425 709 iam
454 678 626 710 credentes

322 726 390 759 eius
418 726 473 766 pia
500 725 588 759 facta
615 727 765 762 videntes

277 776 444 809 Pastorem
473 775 606 817 dignum

321 827 468 856 statuunt
483 825 611 865 patriae
621 826 729 867 gregis
738 826 841 858 illum.
883 825 924 858 V.

210 875 250 908 V.
279 874 420 914 Dignum
448 883 574 915 quoque
601 883 717 915 gerens

322 926 503 963 cunctaque
529 932 627 955 saeva
652 929 773 965 temne,

272 971 427 1005 Efficitur
455 969 597 1016 [gratus]

323 1021 370 1053 sic
396 1021 546 1053 omnibus
572 1021 628 1053 ille
656 1021 782 1056 beatus,

310 1168 357 1200 In
387 1169 420 1201 3.
448 1168 686 1201 Nocturno.

397 1245 468 1272 Anti
473 1245 599 1282 phonae.

213 1335 244 1368 1.
273 1335 328 1368 Sic
356 1335 481 1366 cunctis
509 1339 621 1375 gratus

324 1382 429 1416 factus
456 1388 552 1424 pater
577 1384 634 1416 ille
662 1384 775 1418 beatus

274 1434 424 1466 Antistes
451 1433 557 1473 plebis

324 1486 458 1514 sanctae
484 1482 651 1514 stabilitur
670 1487 703 1515 et
720 1483 823 1517 aedis.

211 1573 244 1604 2.
273 1571 378 1603 Huius
406 1570 473 1605 vita
500 1571 580 1602 satis

325 1619 389 1652 fuit
415 1620 554 1652 eximiae
578 1620 722 1660 pietatis,

277 1669 413 1701 Nullum
440 1670 628 1712 spernebat,

323 1723 458 1750 cunctos
485 1718 608 1758 pietate
634 1719 780 1760 regebat.

215 1808 248 1841 3.
275 1808 404 1847 Aegros
430 1805 612 1846 quaerebat

322 1856 466 1897 propriis
480 1855 663 1897 opibusque
678 1855 821 1897 fovebat,

272 1905 353 1938 Illos
380 1905 529 1937 salvabat

320 1955 414 1996 signo
445 1954 550 1986 crucis
578 1958 609 1986 et
638 1955 821 1997 vegetabat.

387 2062 602 2099 Responsoria.

207 2134 241 2169 1.
268 2133 295 2166 Ο
321 2137 418 2174 pater
444 2133 529 2165 alme
556 2132 662 2175 Paris,

319 2183 374 2224 qui
393 2186 505 2216 tantus
519 2182 636 2215 adesse
655 2183 818 2226 probaris,

887 442 924 475 V.

898 580 930 612 2.

885 1735 929 1773 A.

962 247 1032 280 Nos
1059 251 1091 278 te
1117 247 1289 281 laudantes

1010 294 1194 338 festumque
1217 302 1305 330 tuum
1329 298 1534 331 celebrantes

960 345 1132 377 Auxiliare
1160 347 1223 378 tuis

1007 392 1158 426 almificis
1187 395 1322 435 meritis,

959 443 1005 476 Ut
1032 442 1113 474 caeli
1140 443 1256 475 solium

1007 500 1191 524 mereamur
1217 492 1310 524 adire
1337 500 1491 532 perenne.

959 579 1010 612 Ex
1039 579 1107 612 eius
1134 580 1256 621 templo

1009 627 1082 660 fons
1109 637 1244 661 manans
1271 628 1504 667 sanctificatus,

959 677 1011 709 Ex
1039 686 1102 718 quo
1128 683 1297 719 gustantes

1007 725 1141 758 nimium
1161 736 1288 767 quoque
1304 726 1533 759 febricitantes

960 775 1142 807 Incolumes
1171 782 1335 815 remeunt3

961 824 1167 857 Concurrunt
1195 825 1306 865 populi

1006 874 1096 905 vario
1123 873 1279 915 languore
1306 874 1422 914 coacti,

962 923 1026 956 Sed
1053 924 1206 963 precibus
1234 923 1339 955 sancti

1008 971 1186 1004 incolumes
1214 976 1370 1006 remeant.

926 1086 932 1092 .
960 1060 1039 1092 Flos
1065 1061 1193 1100 patriae
1220 1060 1315 1092 floret

1012 1109 1137 1141 cunctis
1159 1111 1240 1142 dans
1251 1119 1380 1151 semper
1390 1109 1536 1150 odorem,

962 1159 1073 1198 Quem,
1104 1158 1157 1198 pie
1185 1168 1240 1191 rex
1269 1168 1390 1199 regum,

1009 1208 1140 1240 voluisti
1169 1209 1327 1240 scandere
1353 1208 1478 1239 caelum

959 1256 1015 1289 Sic
1022 1256 1152 1289 dicens:
1158 1257 1258 1290 Intra
1268 1258 1278 1288 i
1283 1268 1303 1288 n
1315 1256 1536 1297 reynumDei.

967 1303 996 1338 O
1037 1306 1145 1338 cirum
1181 1306 1437 1347 admirabilem,
1483 1304 1540 1338 cui

960 1354 1130 1387 Dominus
1158 1356 1316 1397 diynatus
1336 1358 1380 1387 esc
1403 1358 1536 1387 tantam

960 1404 1126 1445 impertiri
1193 1405 1341 1446 qratiam
1405 1404 1537 1437 dicens:

959 1453 1059 1485 Intra
1088 1453 1125 1484 m
1151 1464 1290 1495 reanum
1318 1454 1392 1486 Dei.

1029 1581 1072 1614 In
1102 1582 1134 1615 2.
1164 1582 1390 1622 vesperis.

1084 1659 1128 1685 Ad
1151 1659 1336 1695 Magnificat.

964 1738 1061 1771 Alme
1090 1738 1150 1771 Dei
1178 1738 1339 1780 pontifex,

1010 1787 1143 1820 Praesul
1172 1789 1372 1828 honorande,

958 1837 995 1869 In
1024 1846 1135 1869 servos
1163 1843 1236 1870 tuos
1263 1839 1401 1879 respice,

1010 1887 1103 1918 Paris
1131 1889 1326 1923 venerande.

958 1937 1045 1977 Quos
1073 1936 1246 1970 reduxisti.
1278 1937 1419 1972 domine,

1007 1986 1061 2018 Ad
1089 1987 1236 2018 semitam
1264 1987 1390 2029 salutis,

959 2035 1058 2076 Rege,
1087 2040 1190 2070 tuere.
1219 2035 1357 2068 confove

1006 2084 1129 2116 Baculo
1156 2086 1297 2127 virtutis,

958 2134 1028 2174 Quo
1056 2133 1175 2174 fugasti
1205 2134 1383 2175 pestiferae

1004 2183 1083 2225 Iuga
1112 2185 1290 2218 servitutis.

247 2269 356 2299 Officia
395 2279 433 2297 ss.
463 2270 650 2307 Reparatae,
678 2270 814 2303 Paridis,
842 2270 958 2297 Amasii
992 2274 1047 2298 etc.
1076 2271 1147 2307 imp.
1179 2272 1307 2307 Neapoli
1336 2272 1422 2299 {Ioan
1451 2271 1536 2298 Sul<-

169 2309 324 2345 bacchius)
358 2307 441 2338 1533.
463 2324 499 2328 —
522 2310 567 2338 In
603 2308 626 2337 1.
655 2310 766 2346 Vesp.
798 2309 844 2337 Ad
872 2310 974 2346 Magn.
1005 2308 1022 2337 2
1052 2311 1203 2339 miserere.
1234 2326 1271 2329 —
1299 2311 1339 2338 In
1369 2309 1395 2338 2.
1425 2311 1534 2338 Noct.

166 2346 197 2378 R
218 2347 247 2384 3,
268 2348 289 2378 4
309 2350 434 2378 nimium
457 2358 562 2386 eoque.
591 2364 627 2375 -.
652 2349 705 2377 Ad
727 2349 844 2377 Laud.
860 2349 944 2377 Alles
967 2349 1132 2385 prosaiseh.
1169 2351 1356 2388 Zugehbrige
1380 2350 1534 2385 Hymnen:

165 2389 212 2418 Ad
226 2389 334 2427 Vespa
351 2389 604 2418 Gratulemur
624 2390 862 2417 concinente
876 2397 906 2425 ⁹3
929 2388 966 2416 ad
983 2389 1094 2417 Laud.:
1117 2388 1142 2417 O
1164 2398 1274 2427 quam
1298 2391 1406 2421 mira,
1429 2389 1536 2422 Iesu,

164 2428 250 2458 fuit.
292 2430 362 2457 Von
388 2429 446 2457 den
474 2430 507 2456 iu
535 2429 602 2456 dem
631 2428 754 2456 Drucke
783 2428 823 2455 mi

825 2431 861 2494 ti,

877 2428 983 2456 teilten
1006 2428 1133 2456 Officien
1156 2430 1230 2457 wird
1252 2429 1401 2458 bemerkt:
1439 2437 1533 2464 „quae

166 2470 270 2497 omnia
295 2469 419 2497 fuerunt
444 2468 497 2496 diu
525 2467 706 2496 Sidicino
736 2469 768 2495 in
789 2476 840 2495 arc
864 2467 988 2504 itemplo
1010 2472 1131 2496 servata
1152 2478 1249 2506 neque
1272 2468 1400 2496 antehae
1421 2467 1535 2495 tradita

164 2506 431 2546 impressoribus&
