1650 2727
632 170 707 186 ¹—-
756 161 827 198 164
876 179 922 183 —

520 259 694 301 Memento,
717 261 804 300 quod
829 268 939 292 sumus
964 259 1022 298 tui,

569 309 619 342 Tu
645 318 679 341 es
706 307 822 351 factor,
847 318 906 340 nos
933 305 1070 348 factura,

571 358 646 391 Tibi
671 358 714 389 sit
740 368 800 400 pro
825 357 919 390 nobis
947 365 1035 398 cura,

522 406 568 440 Te
593 416 765 448 precamur
791 406 913 440 cernui.

198 482 269 509 Piae
290 481 450 511 cantiones
474 482 548 512 1582
569 485 618 512 fol.
642 486 666 512 L
693 484 704 511 1
729 485 747 511 b
770 494 814 520 sq.
834 483 1018 519 (Klemming
1039 483 1090 515 IV,
1113 480 1171 516 24.)

514 599 574 631 199.
619 599 659 630 De
683 598 868 638 'temporum
891 595 1077 637 Iniquitate.

133 680 164 715 1.
193 679 333 712 Iuvaluit
358 680 491 719 malitia,
836 683 870 714 3.
898 682 997 713 Amat
1026 688 1110 712 nunc
1135 678 1275 710 mundus
1303 676 1445 709 dulciter

241 729 308 760 Iam
337 729 416 761 hora
442 738 661 769 vesperarum.

195 777 384 817 Despicitur
410 779 532 810 iustitia

243 825 371 867 Ubique
398 836 482 858 nunc
508 832 680 865 terrarum,

196 875 355 907 Crescunt
381 875 496 907 crebro
521 877 599 908 vitia

245 923 363 956 Rerum
396 924 641 963 mundanarum,

192 972 253 1004 Est¹
279 981 413 1005 concors
439 973 480 1005 ad
508 974 668 1014 supplicia

244 1022 352 1064 Imago
382 1022 574 1055 divinarum.

137 1100 170 1132 2.
197 1099 308 1132 Ocello
334 1100 451 1130 lustrat
478 1100 605 1140 singula

245 1147 388 1180 Naturae
416 1149 478 1179 vim
507 1149 729 1188 pertransiens

196 1196 377 1237 Duelloque
404 1197 535 1228 subtilia

245 1244 484 1284 Sophismatum
513 1246 700 1285 discutiens,

197 1292 276 1325 Cum
304 1295 414 1327 mundi
438 1295 531 1325 huius
558 1295 707 1326 machina

246 1342 289 1374 Et
312 1353 424 1384 gyrum
454 1343 535 1374 caeli
561 1344 706 1375 ambiens

196 1391 392 1432 Quaeritque
418 1392 465 1423 sic
491 1393 651 1433 magnalia

246 1439 394 1480 Seipsum
422 1441 516 1472 homo
543 1443 700 1473 nesciens.

945 729 1095 761 Honores
1122 726 1296 768 populares

895 778 1066 818 Erigitque
1095 776 1239 808 suaviter

946 826 1000 858 Ad
1028 826 1149 867 gradus
1177 824 1357 866 clericales,

898 875 999 908 Fallit
1026 875 1158 907 tandem
1183 872 1339 916 breviter,

947 924 1032 962 Quos
1060 924 1123 955 iam
1150 921 1229 954 fecit
1254 922 1348 962 tales,

898 973 967 1004 Nec
996 973 1083 1004 velut
1110 971 1240 1012 pridem
1266 970 1419 1011 nequiter

948 1021 1044 1053 Nunc
1071 1020 1157 1052 fallit
1182 1020 1393 1052 immortales

864 1127 870 1133 .
898 1100 1086 1139 Exsurgens
1111 1098 1175 1130 iam
1204 1102 1381 1138 revertere,

944 1149 969 1180 O
998 1148 1101 1179 dulcis
1128 1147 1171 1178 mi
1199 1148 1314 1186 amica,

897 1197 1115 1229 Emendemus
1142 1205 1201 1228 nos
1228 1196 1337 1229 hodie.

947 1245 995 1277 Ne
1022 1246 1200 1276 moriamur
1226 1246 1282 1283 ita,

895 1294 949 1326 Ad
978 1295 1077 1334 pedes
1105 1295 1179 1326 Iesu
1205 1294 1340 1330 sustine,

945 1343 1057 1383 Imago
1084 1343 1249 1383 insignita.

897 1392 952 1423 Nil
980 1392 1039 1424 tibi
1066 1392 1107 1423 sit
1135 1391 1275 1423 amabile

945 1440 1016 1472 Nisi
1043 1442 1114 1480 ipsa
1143 1441 1220 1472 vita.

202 1516 275 1543 Piae
297 1516 456 1544 cantiones
482 1516 556 1545 1552
578 1519 627 1545 fol.
649 1519 674 1545 L
696 1516 714 1544 2
735 1518 762 1545 b.
784 1516 965 1553 (Klemming
987 1518 1043 1550 IV,
1073 1516 1130 1548 22.)
1150 1532 1187 1536 -
1209 1517 1242 1548 4,
1271 1519 1288 1545 S
1310 1518 1382 1545 Lies
1404 1517 1471 1546 Nisi

124 1563 253 1592 superna
274 1556 345 1583 vita.

476 1710 740 1756 Cantiones
773 1711 1123 1756 Scholasticae.

603 1886 671 1917 200.
714 1885 755 1916 De
778 1886 993 1918 Scholaribus.

142 1970 173 2002 1.
203 1967 384 2005 Scholares,
412 1968 592 2004 convenite,

206 2016 363 2049 Libenter
387 2016 468 2047 haec
494 2017 604 2048 audite

251 2066 369 2098 Procul
395 2075 414 2097 a
440 2065 530 2105 vitio,

203 2115 365 2148 Tractabo
392 2113 483 2146 vobis
509 2113 582 2154 rite,

203 2165 302 2204 Quae,
329 2163 435 2204 qualis
460 2166 589 2195 vestrae
616 2164 701 2196 vitae

254 2212 388 2245 Constet
413 2211 572 2244 condicio.

206 2262 290 2295 Nam
316 2262 465 2302 primitus
493 2260 632 2300 barbati,

206 2313 244 2345 In
270 2310 355 2343 facie
381 2309 486 2351 rugati

256 2359 395 2393 Stabant
421 2357 594 2401 rigoribus,

208 2409 271 2442 Vix
298 2410 410 2442 volunt
436 2408 592 2441 ablactati

206 2459 274 2492 lam
300 2468 371 2491 esse
397 2458 559 2498 subiugati

254 2508 327 2541 Suis
355 2507 553 2541 doctoribus.

844 1971 877 2004 2.
905 1969 967 2007 En,
995 1971 1157 2010 quondam
1185 1971 1340 2004 timuistis

903 2018 1091 2058 Magistros,
1121 2020 1196 2051 dum
1224 2021 1357 2053 sedistis

952 2068 1018 2100 Vos
1043 2069 1077 2100 in
1103 2069 1314 2111 pulveribus3

902 2116 994 2148 Tunc
1021 2123 1108 2148 certe
1135 2116 1332 2160 profecistis,

905 2165 984 2197 Cum
1011 2166 1135 2198 subditi
1162 2165 1270 2199 fuistis

955 2214 1091 2246 Scholae
1117 2215 1321 2249 verberibus

906 2262 1008 2294 Omne
1035 2268 1132 2304 caput
1158 2263 1348 2307 languescit,

906 2311 991 2343 Dum
1017 2316 1130 2352 pastor
1156 2321 1233 2345 oves
1260 2315 1377 2358 nescit,

954 2361 1005 2392 Ac
1031 2370 1145 2393 errans
1171 2361 1233 2394 erit
1259 2373 1359 2407 grex3

906 2409 1059 2442 Latinum
1085 2410 1147 2442 iam
1175 2412 1322 2452 recessit,

907 2457 1121 2491 Barbaricum
1147 2461 1315 2501 accrescit,

958 2506 1150 2540 Scholarum
1175 2509 1264 2550 perit
1290 2510 1353 2544 lex.
