1650 2727
714 160 857 196 -27

235 259 354 288 Feria
379 258 432 286 VI.
461 257 536 286 alles
565 257 731 294 prosaisch.
771 258 862 286 Danu
883 257 995 285 Aliae
1017 257 1241 288 Lectiones,
1272 267 1306 284 zu
1337 257 1439 284 diesen
1463 257 1513 284 ein

157 297 332 326 meti-isches
353 295 392 330 R,
415 296 470 325 das
491 296 598 324 dritte:

376 371 410 398 R.
434 369 571 398 Candida
591 371 762 406 virginitas,
786 370 919 407 paradisi
941 369 1023 397 clara
1043 370 1170 402 colonis,

433 410 546 437 Hortus
567 409 729 438 conclusus
751 410 1006 445 florenti‘cespite
1027 417 1165 442 vernaus,

431 449 488 477 Cui
509 449 616 475 merito
638 449 767 477 mundus
788 449 922 477 celebrat
943 449 1103 484 praeconia
1125 450 1215 476 totus.

367 488 404 515 V.
470 487 555 521 Quae
577 488 686 516 meruit
707 489 870 516 Dominum
895 496 1092 524 progenerare
1115 496 1210 521 suum,

431 527 501 562 Ipsa
523 536 577 554 suo
599 530 670 554 nato
692 537 747 555 nos
769 527 874 555 reddat
896 527 1003 554 florida
1024 527 1117 562 virgo*

242 600 286 628 Es
308 599 410 634 fulgen
430 599 511 627 dann
533 599 564 626 in
586 599 639 626 der
659 600 715 628 Hs.
737 599 815 627 noch
837 600 899 627 drei
922 600 1082 627 Lectiones
1105 602 1159 628 mit
1180 600 1392 628 ebensovielen
1414 599 1515 635 rhyth-

163 638 297 666 mischen
312 637 388 675 RR3
410 639 448 666 ob
469 638 552 666 diese
574 638 627 666 der
648 639 724 667 feria
747 639 815 666 VII.
837 639 1009 675 angehbren
1031 639 1125 666 bleibt
1147 639 1302 675 ungewiss.
1339 639 1429 666 Diese
1452 639 1514 665 drei

160 676 215 707 ΛΑ
248 678 348 706 finden
380 677 444 706 sich
473 677 549 705 auch
578 679 610 705 in
641 677 764 706 Collect.
794 688 848 705 ms.
878 678 1074 705 Martialense
1103 686 1179 706 saec.
1210 676 1268 715 [12.
1297 677 1338 714 et]
1368 676 1412 706 13.
1443 678 1514 704 Cod.

160 716 293 745 Parisin.
315 715 402 745 5245.
423 717 462 744 B:

211 785 237 813 1.
261 786 308 814 Sit
328 786 384 814 tibi
406 786 483 819 laus,
508 795 524 813 o
547 786 689 822 benigna,

258 825 305 852 Tu
327 834 358 853 es
381 827 462 853 omni
484 825 573 853 laude
594 825 694 861 digua,

257 865 360 901 Digna
381 865 522 901 indignos
543 866 668 901 respice.

256 904 378 941 Indigni
401 913 456 932 nos
479 913 635 941 precamur
657 907 694 937 te,

257 943 300 971 Ut
320 947 415 976 tuum,
437 945 489 979 qui
512 945 626 971 creavit
646 947 684 977 te,

258 983 317 1010 Pro
339 983 428 1010 nobis
449 992 516 1011 ores
538 982 643 1010 filium.

258 1023 426 1050 Laetentur
445 1024 497 1058 qui
520 1026 642 1058 sperant
665 1025 695 1050 in
717 1026 756 1057 te,

260 1063 368 1089 Coram
391 1062 456 1089 Deo
480 1065 509 1089 et
530 1070 630 1088 coram
653 1065 690 1093 te,

260 1102 295 1128 In
318 1101 432 1128 lumine
454 1102 630 1128 viventium.

202 1141 238 1168 V.
259 1140 306 1167 Tu
328 1149 427 1176 regem
451 1149 552 1176 regum
577 1141 710 1168 omnium

261 1179 412 1211 Geum'sti,
435 1180 533 1216 ipsum
555 1189 607 1216 per
629 1183 657 1206 te

260 1219 435 1247 Habeamus
458 1219 632 1255 propitium.

210 1285 238 1315 2.
260 1288 334 1321 Ave,
357 1287 476 1324 fulgens
498 1291 527 1315 et
549 1288 715 1324 praeclara,

261 1327 363 1364 Digna
384 1327 459 1359 Deo,
484 1327 549 1354 Deo
571 1335 649 1359 cara,

259 1366 354 1402 Virgo
376 1367 433 1394 Dei
457 1366 578 1402 placens
602 1368 645 1399 ei;

260 1406 332 1437 Ave,
355 1405 456 1433 lumen
478 1409 598 1433 nostrae
620 1409 694 1441 spei,

259 1445 357 1472 Deum
379 1454 478 1477 orans,
501 1449 596 1473 mater
618 1445 683 1479 Dei,

259 1484 337 1512 Illuc
359 1484 446 1512 nobis
467 1484 566 1512 locum
588 1493 670 1520 para,

263 1524 323 1552 Ubi
346 1533 414 1560 spes
437 1523 489 1551 dat
509 1524 607 1551 locum
632 1527 682 1552 rei.

200 1563 236 1590 V.
257 1562 380 1600 Absque
402 1567 430 1591 te
452 1563 503 1590 lux
525 1572 586 1590 non
608 1571 653 1590 est
675 1565 765 1596 clara,

264 1601 322 1630 Sed
343 1603 431 1630 bouis
455 1606 598 1638 praesunt
619 1612 731 1636 amara,

259 1642 342 1669 Mors
364 1643 445 1670 vitae
469 1646 497 1670 et
522 1651 581 1670 nox
602 1642 672 1669 diei.

242 1719 275 1753 1,
303 1718 320 1747 7
349 1721 511 1753 Laetetur,
540 1722 591 1757 qui
621 1725 722 1756 sperat
751 1723 783 1749 in
812 1726 841 1749 te
863 1723 897 1749 B.
921 1738 956 1741 —
982 1721 1063 1749 Nach
1085 1720 1118 1753 3,

922 784 949 814 3.
972 787 996 814 Ο
1019 787 1100 822 pium
1123 787 1274 821 gaudium,

970 825 1066 853 Dulce
1088 827 1259 857 remedium,

970 866 1049 892 Dum
1072 866 1157 900 virgo
1180 865 1274 893 filium

1007 905 1065 932 Pro
1090 904 1177 933 nobis
1199 913 1280 936 orat:

968 943 1055 971 Unde
1079 945 1145 973 scis,
1168 949 1196 972 et
1218 946 1285 981 quis
1309 946 1436 980 ignorat,

970 983 1028 1010 Pru
1051 984 1153 1018 impiis
1176 985 1226 1020 pia
1249 985 1339 1020 pium,

971 1023 1028 1049 Pro
1052 1022 1184 1057 indignis
1206 1023 1297 1059 digna
1320 1023 1443 1058 dignuin

1008 1061 1131 1097 Semper
1152 1066 1228 1089 orat.

972 1102 1046 1128 Orat
1068 1110 1120 1136 prs·
1143 1111 1198 1133 me,
1222 1106 1287 1128 orat
1312 1110 1365 1137 pro
1388 1104 1425 1131 te,

971 1139 1045 1167 Orat
1068 1150 1120 1175 pro
1144 1142 1216 1173 suis,
1239 1151 1298 1168 nou
1322 1150 1374 1177 pro
1398 1150 1437 1171 se,

1010 1182 1133 1214 Semper
1155 1184 1230 1207 orat.

971 1220 1002 1245 si
1026 1228 1097 1246 suus
1119 1228 1158 1252 ες,
1183 1229 1304 1247 securus
1327 1229 1367 1249 es,

971 1261 1048 1285 suus
1071 1268 1126 1293 ego
1150 1269 1224 1291 suni,
1248 1269 1308 1286 non
1330 1267 1416 1294 nego.

969 1297 1050 1333 Ergo
1074 1298 1182 1333 plaude

970 1337 1005 1363 Et
1029 1339 1058 1363 in
1082 1339 1144 1364 eius
1168 1338 1255 1365 laude
1279 1337 1385 1374 gaude,

1011 1380 1094 1410 Quae
1118 1386 1170 1412 pro
1193 1379 1254 1405 suis
1277 1386 1393 1413 semper
1415 1381 1490 1405 orat.

939 1437 945 1443 .
968 1416 1099 1443 Plaudat
1119 1421 1231 1447 coetus.
1254 1426 1313 1443 non
1336 1420 1380 1443 est
1404 1420 1498 1443 metus

1010 1456 1076 1487 His,
1101 1465 1152 1491 pro
1169 1457 1278 1492 quibus
1302 1465 1419 1492 semper
1441 1459 1517 1483 orat.

970 1495 1057 1523 Tace,
1082 1495 1182 1522 fletus!
1208 1497 1266 1522 iam
1290 1505 1353 1522 sum
1378 1495 1485 1527 laetus,

970 1534 1064 1561 Immo
1086 1535 1197 1569 gaudio
1220 1535 1360 1571 repletus,

1011 1575 1088 1608 Quia
1110 1575 1194 1610 virgo
1217 1584 1333 1610 §emper
1357 1578 1432 1601 orat.

1147 1722 1166 1750 4
1188 1724 1310 1761 Semper
1335 1728 1399 1751 orat
1428 1724 1459 1750 Β.
1482 1738 1518 1742 —-

168 1759 253 1787 Nach
275 1758 302 1795 3,
325 1758 361 1787 4:
384 1761 451 1788 Nisi
473 1761 524 1797 pia
547 1761 721 1789 subveniret
739 1761 744 1797 Ι
762 1761 894 1793 Orando,
917 1763 985 1798 quis
1007 1771 1067 1788 non
1089 1760 1221 1796 periret?
1242 1777 1276 1782 —

622 1936 647 1966 7.
691 1937 734 1968 De
757 1936 859 1968 Beata
882 1935 986 1968 Maria
1009 1936 1045 1967 V.

200 2118 232 2151 1.
261 2117 394 2157 Forma,
423 2117 522 2150 decus
552 2118 736 2158 puellarum

260 2167 305 2200 Et
334 2167 480 2200 sanctior
506 2166 714 2209 feminarum,

260 2216 362 2257 Regis
388 2217 533 2249 iustitiae
558 2217 660 2249 solem

260 2265 394 2299 Gaudes
420 2275 491 2298 esse
519 2270 607 2298 tuam
635 2267 754 2307 polem.

764 2019 870 2047 Lectio
894 2019 916 2046 I.

910 2120 942 2152 2.
972 2118 1017 2152 Ut
1044 2123 1176 2151 sanctus
1203 2119 1404 2160 evangelista

970 2168 1134 2201 Fideliter
1162 2169 1243 2201 dicit
1270 2169 1345 2209 ista,

971 2217 1091 2250 Verum
1121 2217 1225 2251 Deum
1253 2219 1457 2251 incarnatum

969 2265 1170 2300 eonfitemur
1196 2272 1285 2300 tuum
1313 2272 1434 2301 natum.

520 2376 553 2408 3.
580 2374 702 2415 Verba,
730 2384 813 2416 quae
841 2375 924 2407 dixit
951 2375 1124 2417 propheta,

585 2424 818 2465 cognoscimus
845 2424 1037 2465 adimpleta,

581 2473 649 2507 Dat
675 2473 765 2507 Deus
792 2473 1027 2515 benignitatem

580 2523 723 2564 Propter
748 2533 840 2556 suam
867 2523 1048 2558 caritatem.
