1650 2727
715 144 958 181 -68-

515 357 563 388 86.
605 357 648 389 De
673 356 877 399 paenitentia
897 366 959 390 non
981 357 1167 390 differenda.

187 457 215 488 1.
243 455 317 497 Dic,
344 457 449 497 homo,
480 467 536 490 cur
562 458 706 491 abuteris
888 461 919 493 3.
948 459 1045 492 Certe
1067 467 1132 490 non
1159 457 1368 491 excusaberis

291 505 506 538 Discretionis
531 508 646 547 gratia,
997 507 1242 540 Dissimulando
1268 507 1358 548 talia,

242 555 323 588 Cum
351 555 435 587 vitae
464 556 548 587 viam
578 556 701 588 deseris
946 556 1041 599 Nam,
1069 556 1097 587 si
1123 556 1170 588 sic
1195 554 1443 596 subterfugen's‚

292 604 335 635 Et
361 603 468 635 tendis
495 604 536 636 ad
565 603 753 646 supplicia?
995 606 1073 638 Post
1098 608 1201 637 restat
1229 605 1438 643 conscientia,

292 652 395 684 Saluti
423 651 571 691 praefers
599 654 665 685 otia
997 654 1086 693 Quae
1112 662 1174 685 non
1201 657 1288 685 tacet
1314 652 1461 693 latentia,

291 701 333 732 Et
361 700 513 740 pretiosis
544 702 621 733 vilia
996 703 1040 734 Et
1067 701 1178 734 divina
1203 702 1325 734 iudicia

242 749 312 781 Nec
339 752 425 780 metu
452 758 576 789 poenae
604 749 745 782 flecteris
947 751 1124 783 Declinare
1150 760 1214 782 non
1240 751 1374 791 poteris,

242 798 311 829 Nec
338 807 395 838 spe
420 798 534 830 salutis
562 799 715 837 traherist
949 799 1025 838 Sed,
1053 799 1080 831 si
1109 800 1276 831 convictus
1304 798 1415 837 fueris,

295 847 336 879 Ut
366 856 489 878 summa
518 856 656 887 quaeras
686 847 814 888 gaudia.
1002 849 1098 880 Patet
1122 848 1238 880 mortis
1264 848 1437 880 sententia.

182 954 214 985 2.
242 954 324 992 Quid
354 953 438 984 valet
466 953 578 984 mundi
606 953 722 993 gloria,
886 955 918 986 4.
947 953 1018 985 Non
1048 952 1194 985 confidas
1211 954 1261 985 'de
1289 955 1392 998 venia,

294 1003 390 1037 Υἱός,
414 1010 508 1040 quam
529 1002 575 1032 sic
595 1001 812 1042 amplecteris
997 1002 1030 1034 Si
1056 1010 1129 1034 sero
1155 1003 1364 1045 paenitueris‚

246 1051 350 1082 Multa
379 1050 470 1080 vides
497 1050 629 1089 iudicia,
950 1050 1028 1082 Dies
1053 1056 1101 1082 est
1127 1052 1359 1092 peremptoria,

294 1100 353 1137 Qui
382 1098 524 1129 scienter
552 1100 724 1139 deciperis,
998 1100 1098 1138 Quam
1126 1100 1189 1130 nisi
1215 1104 1250 1131 tu
1276 1100 1486 1140 praeveneris

297 1148 466 1187 Mundum,
487 1148 541 1187 qui
558 1147 651 1187 fugit,
671 1147 815 1186 sequeris
999 1149 1123 1180 Fructu
1151 1149 1304 1189 condigni
1330 1150 1438 1190 operis

295 1196 336 1227 Et
366 1205 435 1226 cuni
465 1196 595 1228 labente
621 1196 743 1228 laberis
998 1197 1040 1229 Et
1070 1201 1194 1228 reatum
1219 1199 1422 1238 purgaveris,

247 1245 419 1285 sequendo
447 1246 647 1284 transitoria,
948 1246 1023 1278 Erit
1049 1245 1108 1277 tibi
1136 1246 1267 1278 miseria

245 1293 299 1325 Sic
326 1293 409 1325 bona
436 1295 661 1333 permanentia
948 1294 1082 1335 Absque
1106 1295 1332 1326 misericordia

293 1342 358 1374 Sub
393 1350 473 1373 aure
499 1343 599 1374 surda
631 1342 803 1382 praeteris.
997 1345 1036 1376 In
1063 1348 1228 1375 aeternum
1258 1353 1327 1375 cmn
1354 1344 1493 1377 miseris.

595 1452 626 1481 5.
655 1449 743 1489 Ergo
767 1447 870 1487 vides,
898 1457 968 1479 cum
995 1449 1122 1481 veneris

702 1497 739 1528 In
765 1496 883 1528 iudicis
909 1498 1105 1537 praesentia,

655 1546 714 1584 Qui
742 1544 812 1583 tibi,
840 1550 936 1585 prout
961 1547 1078 1586 egeris,

702 1595 792 1626 Iusta
818 1594 935 1626 reddet
960 1595 1136 1635 stipendia,

703 1641 752 1674 Ne
778 1642 919 1684 gloriosa
945 1644 1052 1683 patria

704 1690 775 1722 Tua
799 1694 840 1729 te¹
858 1692 988 1731 privem
1011 1693 1101 1734 vitia,

656 1740 749 1779 Nam,
777 1739 805 1770 si
831 1740 970 1772 mundus
997 1743 1189 1776 occurreris

659 1788 738 1821 Cum
767 1788 859 1820 iustis
886 1789 1062 1822 sociaberis

592 1838 605 1854 0
704 1838 740 1869 In
767 1841 900 1869 aeterna
926 1838 1061 1871 laetitia.

259 1944 380 1971 Collect.
409 1952 463 1969 ins.
484 1943 672 1969 Victorinum
703 1950 780 1969 saec.
804 1941 854 1969 ¹15.
884 1943 955 1970 Cod.
983 1944 1112 1972 Parisin.
1146 1943 1255 1973 14810.
1278 1947 1312 1973 A.
1343 1963 1376 1967 —
1400 1947 1524 1976 Collect.

177 1992 232 2010 ms„
263 1983 450 2010 Victorinum
479 1990 556 2008 saecu
586 1980 644 2017 [14.
673 1979 714 2018 et]
747 1980 791 2008 15.
816 1981 886 2008 Cod.
909 1982 1037 2010 Parisin.
1070 1982 1177 2011 14923.
1199 1985 1232 2011 B.
1257 2001 1291 2004 —-
1316 1985 1439 2014 Collect.
1469 1996 1524 2015 ms.

178 2023 366 2050 Victorinum
393 2030 468 2048 saec.
495 2020 537 2048 15.
561 2020 631 2048 cod.
654 2021 783 2047 Parisin.
810 2018 918 2048 15163.
942 2021 972 2048 C.
995 2037 1032 2041 —
1057 2022 1080 2055 l,
1102 2021 1120 2049 2
1139 2023 1328 2052 Discretione
1344 2027 1377 2052 B.
1399 2040 1435 2045 —-
1460 2026 1485 2059 1,
1507 2026 1526 2054 5

176 2063 257 2089 „etia
277 2062 339 2089 ΑΒ,
361 2076 398 2080 -—
422 2059 455 2093 2,
482 2059 501 2087 4
524 2059 609 2093 Qund
624 2060 664 2093 B;
687 2060 770 2094 Quae
793 2059 824 2087 C.
843 2074 880 2078 —
901 2058 935 2092 3,
962 2059 980 2088 5
1001 2070 1061 2089 non
1085 2061 1158 2089 latet
1179 2062 1239 2090 AC.
1259 2078 1297 2081 —
1318 2063 1350 2094 4.
1376 2064 1394 2092 5
1415 2065 1527 2093 Fructu

177 2110 242 2128 cnm
265 2101 348 2135 digni
370 2101 406 2127 B.
428 2114 466 2117 —
488 2098 522 2128 5,
554 2098 566 2126 1
589 2099 674 2126 vides
696 2099 763 2131 Ass;
793 2108 851 2135 quo
873 2101 992 2127 veneris
1014 2101 1048 2127 A.
1069 2115 1106 2120 -—
1129 2100 1156 2131 5.
1178 2100 1196 2129 6
1217 2104 1317 2138 privat
1337 2105 1377 2138 A3
1406 2105 1527 2141 privant

175 2141 235 2168 Bc.
257 2156 293 2159 ——
317 2139 349 2171 5,
378 2137 395 2166 8
417 2138 491 2165 Cum
514 2139 579 2165 istis
602 2139 635 2164 A.
657 2154 693 2158 —
717 2137 800 2166 Nach
817 2138 902 2173 jeder
923 2139 1051 2175 Strophe
1072 2140 1271 2168 wiederholen
1294 2142 1358 2170 sich
1383 2143 1413 2177 1,
1445 2143 1458 2170 1
1483 2153 1527 2181 sq.

178 2179 223 2207 als
245 2179 415 2206 Rundreim.

257 2218 429 2250 Gedanken,
455 2216 612 2244 Ausdruck
635 2217 686 2245 des
701 2215 882 2245 Gedankens
904 2217 965 2244 und
980 2217 1145 2253 Rhythmik
1160 2218 1258 2248 dieses
1273 2221 1383 2250 Liedes
1405 2223 1473 2251 sind
1494 2233 1527 2251 so

176 2257 245 2285 sehr
272 2257 440 2293 diejenigen
467 2256 649 2292 Philipps
685 2257 727 2284 de
763 2254 897 2289 (neve,
933 2256 998 2284 dass
1026 2257 1074 2284 ich
1101 2257 1184 2285 nieht
1210 2259 1315 2288 umhin
1342 2261 1444 2295 kann,
1474 2262 1529 2290 ihn

175 2298 222 2324 fiir
243 2297 300 2324 den
322 2297 416 2324 Autor
436 2295 594 2323 desselben
618 2305 654 2322 zu
675 2295 787 2322 halten.
829 2295 902 2323 Dies
921 2304 970 2323 um
993 2305 1026 2323 so
1047 2295 1146 2331 mehr,
1171 2298 1215 2325 als
1238 2301 1302 2327 sein
1324 2301 1413 2329 Lied:
1441 2302 1528 2330 Cum

175 2338 227 2363 sit
260 2337 385 2363 omnis
413 2343 501 2362 caro
530 2335 681 2362 foenum
711 2337 742 2362 in
771 2334 852 2361 allen
879 2334 943 2363 drei
971 2335 1097 2370 Quellen
1126 2338 1179 2364 mit
1204 2337 1316 2367 diesem
1342 2341 1437 2369 Liede
1461 2350 1528 2370 ver-

176 2376 295 2403 bunden
317 2377 365 2402 ist.

261 2415 333 2442 Dies
355 2413 430 2443 Lied
452 2412 530 2441 steht
551 2412 627 2441 auch
649 2415 680 2441 in
703 2413 773 2441 Cod.
795 2413 926 2440 Palatin.
941 2414 1094 2442 Matriten.
1116 2412 1134 2442 2
1155 2416 1181 2443 N
1203 2415 1222 2444 4
1244 2426 1320 2446 saec.
1345 2417 1420 2454 ¹³l14,
1441 2419 1529 2448 eben-

176 2453 246 2482 falls
269 2454 347 2481 ohne
361 2453 485 2488 Angabe
508 2453 559 2480 des
574 2453 753 2481 Verfassers.
774 2467 813 2471 —
829 2451 895 2489 Vgl.
910 2453 1032 2489 Leyser,
1055 2450 1129 2489 4223
1150 2455 1304 2490 Haureau,
1327 2459 1389 2487 Des
1409 2457 1530 2497 poemes

178 2494 269 2522 latins
292 2491 437 2521 attribues
459 2490 476 2519 :lt
498 2493 586 2520 Saiut
605 2492 747 2525 Bernard,
770 2489 815 2519 28.
