1650 2727
681 147 721 152 .-
775 127 920 164 99-

547 298 603 331 113.
645 299 688 332 De
710 299 887 332 Nativitate
909 299 1043 333 Domini.

412 409 442 443 1.
471 408 682 442 Succinamus
711 419 824 443 vocum
852 412 1022 444 harmonia

473 458 598 491 Laudis
625 468 800 491 sonorosae
827 461 954 501 eulogia

475 506 597 540 Christi
624 507 747 540 natalia

473 555 687 588 Exsultantes
714 557 927 591 venerabilia.

414 664 446 697 2.
474 663 535 702 Qui
564 664 604 696 de
630 664 749 696 throno
774 665 899 705 gloriae
925 666 1073 706 polorum

473 711 563 745 Caeli
593 712 678 745 dono
703 714 798 746 aulae
824 714 981 754 puellaris

472 762 591 795 Invisit
617 763 771 795 conclave

472 810 654 844 Salutando
682 811 848 844 Gabrielis
876 821 944 846 ore.

410 922 442 954 3.
472 919 567 952 Hunc
594 921 689 953 enixa
720 921 810 961 virgo
838 923 979 962 egregia.

474 969 649 1002 procreata
677 971 781 1010 stirpe
808 980 847 1002 ex
875 972 978 1012 regia,

472 1018 584 1052 Turba
609 1019 803 1059 prophetica

473 1068 574 1107 Quam
602 1069 770 1108 praedixit
794 1069 894 1101 laude
919 1069 1119 1111 hymnidica.

413 1178 444 1210 4.
473 1176 535 1209 Est
561 1175 708 1208 facturus
735 1176 942 1217 omnipotens
969 1178 1099 1217 mirum,

473 1225 699 1258 circumdabit
726 1234 890 1266 puerpera
917 1227 1033 1267 virum,

472 1275 608 1308 Gemma
635 1275 807 1307 mulierum

474 1324 679 1357 Germinabit
707 1325 875 1364 antiquum
905 1324 1042 1357 dierum.

413 1436 444 1466 5.
475 1433 604 1465 Portam
635 1433 775 1464 clausam
805 1432 908 1464 cernit
935 1431 1101 1473 Ezechiel,

473 1482 592 1514 Saxum
620 1486 749 1522 ruptum
779 1481 940 1522 propheta
967 1480 1086 1514 Daniel

471 1530 542 1564 Abs
570 1541 666 1564 manu
693 1530 814 1571 fragili,

471 1581 611 1621 Signans
638 1584 743 1612 ortum
772 1579 909 1620 virginis
934 1579 1006 1613 filii.

409 1692 442 1725 6.
471 1691 540 1722 Iam
567 1698 718 1730 egressus
745 1689 881 1722 thalami
908 1691 1016 1723 cubile

472 1739 657 1772 Reclinavit
684 1739 913 1781 praesaepium
938 1740 1014 1781 vile,

472 1789 594 1821 Stricta
622 1789 697 1820 dum
726 1787 828 1820 fascia

472 1837 623 1871 Membra
648 1837 728 1878 ligat
757 1839 883 1878 repleta
910 1839 1026 1879 gratia.

410 1947 441 1980 7.
469 1946 530 1988 Qui
558 1947 704 1989 parentis
733 1947 847 1980 dolens
876 1949 917 1981 de
943 1948 1038 1981 ruina

473 1996 613 2029 Voluisti
640 2002 798 2037 appetere
824 1998 899 2040 ima,

471 2046 517 2080 Ut
543 2047 585 2078 tis
613 2047 777 2080 medicina

471 2096 689 2129 Restauretur
715 2096 836 2138 gaudia
861 2097 904 2129 ad
932 2096 1048 2137 prima.

408 2205 443 2238 8.
470 2205 570 2238 Molis
596 2209 730 2238 nostrae
756 2205 855 2246 expia
878 2209 1016 2249 reatum,

473 2255 519 2288 Ut
546 2258 620 2295 post
646 2255 734 2286 vitae
761 2254 942 2286 taediosum
970 2258 1102 2297 statum,

470 2304 594 2337 Mentis
621 2303 829 2343 caelibatum,

473 2353 664 2386 Mereamur
689 2352 772 2385 caeli
797 2352 985 2387 incolatum.

197 2461 284 2490 Cant.
315 2469 369 2489 mn.
397 2460 551 2497 pragense
577 2459 763 2494 (Wenceslai
794 2460 831 2488 de
860 2459 1046 2497 Wyskytna)
1077 2462 1150 2490 anni
1184 2458 1267 2489 1512.
1296 2460 1368 2489 Cod.
1397 2461 1476 2492 Mun.

117 2500 244 2530 Bohem.
264 2500 342 2529 XIII
359 2500 385 2529 A
405 2499 434 2528 2.
457 2515 493 2521 -
516 2498 544 2535 5,
565 2499 584 2529 2
605 2500 808 2537 prophetavit.

1253 2547 1297 2578 7*
