1650 2727
152 1208 194 1240 A.

671 163 935 200 —124-

230 261 390 303 Sponsum
406 262 569 296 Christum
585 262 773 307 praeelegit,

229 311 287 344 Cui
314 314 414 343 totam
441 319 476 344 se
502 311 650 345 subiecit.

229 409 359 450 Sprevit
386 417 511 442 omnem
539 410 601 443 viri
629 409 757 442 thorum

229 458 342 490 Hostis
368 467 501 491 manens
529 459 689 499 vitiorum,

229 507 432 540 Conservare
459 507 569 539 volens
595 511 714 539 statum

228 556 428 598 Yirginalem
455 556 627 589 illibatum.

226 653 406 685 Trahentes
433 652 475 684 ad
502 652 678 693 interitum,

227 702 299 741 igni
325 706 451 740 martyr
476 701 645 740 proicitur,

228 749 291 782 Sed
319 750 463 788 gaudens
486 749 586 781 tradit
605 749 769 790 spiritum,

227 798 310 830 Dum
339 803 435 839 caput
463 807 538 829 ense
565 798 722 830 caeditur.

190 872 197 878 .
225 847 348 883 Honor,
376 847 480 878 virtus
506 851 535 877 et
564 846 668 887 gloria

227 895 275 927 Sit
295 894 436 935 Christo,
457 903 576 933 sponso
597 895 768 936 virginum,

225 945 282 983 Qui
312 953 368 976 nos
394 944 436 975 ad
465 943 546 974 caeli
573 943 692 983 gaudia

224 992 330 1024 Ducat
365 996 438 1032 post
471 991 557 1022 vitae
583 991 768 1024 terminum.

322 1116 366 1143 Ad
388 1115 569 1152 Mag-nificat.

221 1205 275 1238 Ad
303 1206 455 1237 honorem
483 1204 638 1243 Iulianae,

226 1254 477 1292 Contemptricis
500 1262 639 1293 pompae
656 1262 764 1296 sanae,

224 1302 451 1334 Persolvamus
478 1301 586 1332 laudis
610 1302 711 1333 melos

223 1351 293 1382 Hac
320 1359 383 1389 qua
411 1350 463 1382 die
490 1350 618 1381 scandit
645 1350 751 1382 caelos

226 1399 264 1431 In
291 1399 408 1430 vestitu
436 1399 583 1438 speciosa

224 1447 308 1479 Solis
336 1455 423 1479 more
449 1446 620 1489 luminosa,

226 1495 352 1536 sponso
380 1496 452 1528 Iesu
479 1498 688 1534 praesentata

224 1544 272 1576 Sit
300 1553 360 1584 pro
387 1544 478 1575 nobis
505 1543 674 1575 advocata.

262 1710 324 1741 Ad
352 1709 624 1742 Matutinum.

340 1786 559 1812 Invitatorium.

226 1874 345 1915 Regem
373 1884 481 1915 regum
509 1875 691 1913 adoremus,

225 1923 322 1956 Voce.
351 1924 434 1954 votis
460 1924 665 1962 honoremus,

224 1970 283 2011 Qui
310 1971 468 2004 lulianam
496 1971 593 2003 hodie

226 2019 389 2052 Heredem
418 2020 492 2053 fecit
519 2020 652 2060 gloriae.

261 2186 304 2218 ln
343 2186 373 2218 1.
410 2186 642 2222 Nocturno.

346 2263 545 2300 Antiphon-ue.

184 2379 191 2386 .
223 2353 451 2393 Admirabilis,
479 2353 628 2396 Domine,

223 2401 457 2444 Comprobaris
487 2403 518 2434 in
546 2403 681 2444 virgine,

272 2452 440 2484 Humanas
467 2461 548 2493 quae
576 2451 752 2485 blanditias

275 2501 406 2542 sprevit
433 2505 530 2542 atque
558 2500 702 2536 delicias.

872 265 905 299 2.
933 263 1023 296 Caeli
1049 264 1227 297 narrabant
1253 263 1390 304 gloriam

986 314 1181 354 Perpetuam
1207 321 1242 346 se
1267 320 1436 353 quaerere,

933 361 1006 394 Non
1032 362 1143 394 mundi
1171 361 1403 403 transitoriam,

981 411 1069 450 Quae
1093 411 1240 444 noscitur
1267 409 1419 444 deficere.

874 519 905 550 3.
934 516 1025 549 Haec
1051 521 1100 550 est
1126 517 1293 557 generatio

979 566 1208 605 Quaerentium
1236 565 1419 608 Dominum,

930 614 1146 647 Perseverans
1174 614 1263 647 natio

977 662 1183 696 Sacratarum
1211 663 1383 704 virginum.

867 772 900 801 4.
930 769 966 801 In
995 769 1131 810 virginis
1157 769 1252 802 labiis

975 817 1035 849 Est
1063 817 1167 858 gratia
1195 816 1322 858 diffusa,

929 864 1012 897 Nam
1040 874 1134 897 caesa
1160 866 1332 907 suppliciis

976 913 1091 946 Stabat
1118 914 1298 948 inconfusa.

866 1023 898 1053 5.
923 1019 1012 1052 Deus
1039 1024 1151 1053 noster
1177 1020 1336 1061 refugium

977 1069 1053 1100 Fuit
1080 1069 1236 1109 Iulianae,

926 1116 1036 1150 Patris
1063 1126 1199 1157 nequam
1228 1118 1396 1151 eonsilium

973 1165 1113 1198 Faciens
1139 1167 1246 1199 inane.

866 1273 899 1305 6.
926 1271 1099 1305 Dominum
1126 1273 1308 1306 mirabilem

976 1321 1077 1361 Virgo
1102 1321 1224 1354 laniata

927 1368 1066 1401 Fatetur
1092 1369 1290 1402 laudabilem

976 1418 1076 1451 Caelo
1102 1418 1166 1450 iam
1194 1419 1300 1451 beata.

1021 1563 1233 1599 Responsoria.

867 1661 895 1696 1.
923 1661 1053 1694 Iuliana
1080 1661 1198 1694 nobilis

970 1711 1000 1742 A
1028 1715 1122 1750 patre
1148 1710 1343 1753 flagellatur,

924 1759 970 1793 Ut
998 1758 1142 1791 immolet
1169 1760 1392 1800 daemonibus,

972 1807 1109 1840 Minime
1135 1813 1288 1847 mutatur,

923 1856 1027 1889 Vacat
1053 1856 1105 1888 dei
1132 1857 1294 1899 laudibus,

857 1904 893 1936 V.
922 1904 1086 1938 Christum
1114 1905 1172 1937 Dei
1200 1905 1299 1937 filium

926 1954 1028 1986 Vocat
1055 1955 1086 1985 in
1113 1955 1268 1986 auxilium

923 2001 1084 2042 Exposita
1110 2003 1312 2035 verberibus.

867 2111 899 2144 2.
928 2109 1028 2142 Caesa
1058 2110 1156 2142 datur
1181 2111 1309 2142 Iuliana

975 2158 1158 2198 Praefecto,
1186 2168 1281 2199 quam
1309 2161 1424 2200 puniat

1021 2207 1144 2239 Iudicis
1167 2206 1294 2249 officio,

925 2255 1037 2289 Movet
1063 2255 1162 2288 iudex
1188 2257 1290 2290 verba
1317 2267 1411 2297 vana,

973 2304 1017 2337 Ut
1044 2314 1113 2338 eam
1141 2306 1286 2339 emolliat

1023 2354 1155 2387 Camali
1183 2356 1352 2396 contagi03

859 2402 898 2437 V.
927 2403 1108 2436 Immortali
1134 2412 1229 2436 servo
1255 2405 1398 2447 quidem,

927 2452 1048 2493 Inquit,
1076 2451 1137 2484 soli
1163 2462 1278 2493 puram
1304 2453 1413 2499 fidem,

978 2501 1070 2534 Nulli
1096 2501 1160 2534 iam
1188 2503 1365 2538 consentio.
