1650 2727
683 154 947 190 —136—

182 249 216 281 3.
241 248 320 282 Flos
345 251 496 285 Christus
521 258 572 286 est
596 254 630 286 in
661 254 791 288 saeculo
887 256 920 290 4.
947 255 986 288 In
1012 253 1154 286 fructum
1179 252 1239 286 flos
1267 252 1469 286 convertitur

289 298 380 333 Dans
406 302 539 334 odorem
566 304 729 336 veraciter
995 302 1166 336 Gustando
1192 300 1411 341 salutiferum,

242 348 287 380 Et
313 348 345 380 in
373 351 456 383 caeli
481 352 606 384 rosario
945 352 1019 384 Hoc
1042 354 1088 384 est
1103 360 1233 395 corpus,
1254 351 1331 383 dum
1348 349 1495 390 loquitur

290 397 474 432 Comscans
500 401 722 434 aeternaliter.
994 400 1100 433 Natus
1126 404 1202 432 ante
1228 397 1414 432 luciferum.

495 481 526 511 5.
555 478 710 518 Granum,
739 478 780 510 de
806 478 896 510 cuius
923 476 1084 510 fructibus

603 527 712 568 Egens
738 527 835 559 turba
862 526 1019 565 refieitur,

558 576 708 609 Christus
734 585 794 616 pro
820 575 914 607 nobis
942 575 1090 607 omnibus

603 624 732 657 Cadens
758 625 791 656 iu
818 628 907 656 terra
933 625 1083 656 moritur.

223 699 296 727 Piae
318 700 480 729 cantiones
508 700 583 729 1582
605 701 654 728 fol.
678 701 701 728 B
725 699 738 727 1
761 701 790 727 b.
809 700 991 737 (Klemming
1011 701 1056 734 11,
1082 698 1117 728 18
1138 701 1183 728 als
1207 699 1438 737 „Hymnus“.)
1459 716 1496 720 —

146 736 179 772 1,
207 737 225 766 3
254 748 298 774 sq.
320 740 396 767 nach
424 740 456 774 2,
485 740 513 768 4.
537 756 574 759 —
602 738 633 773 5³1,
660 737 678 766 2
704 739 824 767 odorem
849 739 1016 766 mirificum.
1044 754 1083 759 —-
1109 739 1143 774 4,
1171 738 1190 768 3
1218 741 1285 768 Hoc
1313 743 1359 767 est
1387 747 1498 775 corpus

145 787 243 805 meum
265 778 343 805 dum.
367 795 402 799 —
423 778 450 812 4,
472 778 491 807 4
512 781 660 816 Loquitur
681 782 768 806 natus
791 782 859 805 ante
882 778 1047 806 luciferum.

573 913 632 944 169.
675 913 711 944 ln
732 910 910 943 Nativitate
934 911 1066 943 Domini.

182 995 212 1026 1.
241 995 451 1033 Congaudeat

289 1043 384 1075 turba
411 1042 566 1076 fidelium.

240 1091 340 1131 Virgo
364 1096 468 1124 mater

289 1142 417 1181 peperit
444 1140 543 1172 filium

337 1189 374 1221 In
401 1189 602 1222 Bethlehem.

180 1268 210 1300 ’ΝΩ

239 1266 292 1298 Ad
319 1272 467 1306 pastores

289 1315 459 1347 descendit
485 1315 630 1356 angelus,

239 1363 359 1395 Dicens
388 1365 453 1396 eis:

288 1412 392 1444 Natus
420 1417 469 1444 est
497 1412 654 1444 Dominus

338 1462 375 1493 In
402 1461 602 1494 Bethlehem.

181 1541 212 1572 3.
241 1538 475 1578 Loquebantur

290 1591 438 1628 pastores
465 1588 602 1620 invicem
615 1599 621 1619 :

241 1636 458 1669 Transeamus

289 1685 343 1717 Ad
370 1695 487 1717 novum
515 1685 675 1717 hominem

338 1734 374 1766 In
400 1734 601 1769 Bethlehem,

886 995 918 1025 4.
947 994 1000 1026 Ad
1031 1001 1210 1034 praesaepe

994 1045 1082 1074 stant
1108 1042 1166 1074 bos
1194 1047 1226 1074 et
1252 1043 1371 1084 asinus,

946 1091 1185 1133 Cognoverunt‚

993 1140 1080 1180 quod
1107 1144 1193 1172 esset
1218 1140 1388 1183 Dominus,

1042 1190 1079 1221 In
1108 1189 1310 1224 Bethlehem.

888 1269 918 1300 5.
947 1267 985 1298 In
1012 1271 1128 1298 octava

995 1315 1070 1346 dum
1098 1316 1354 1356 circumciditur7

946 1363 1071 1396 Nomen
1099 1365 1129 1396 ei

994 1413 1084 1444 Iesus
1110 1414 1291 1454 imponitur

1042 1462 1079 1493 In
1107 1462 1310 1497 Bethlehem.

888 1542 920 1572 6.
948 1539 1040 1571 Trini
1067 1541 1154 1572 trino

996 1588 1083 1620 trina
1109 1589 1190 1621 dant
1214 1599 1360 1629 munera,

946 1637 1028 1678 Regi
1058 1647 1167 1679 regum

996 1687 1125 1727 sugenti
1152 1687 1254 1719 ubera

1044 1737 1080 1769 In
1107 1736 1310 1769 Bethlehem.

591 1813 621 1845 7.
651 1811 834 1851 Collyxidas

699 1860 794 1892 simul
821 1870 893 1893 cum
918 1866 1053 1894 nectare

649 1909 828 1942 Benedicat

701 1959 861 1995 Christus.
887 1968 945 1991 rex
973 1960 1107 2000 gloriae,

746 2009 783 2040 In
811 2008 1012 2041 Bethlehem.

143 2125 160 2153 4
191 2086 295 2153 4Piae
319 2086 481 2151 Canttiones
513 2082 586 2112 1582
609 2084 659 2112 fol.
681 2085 706 2112 B
728 2082 745 2111 2
767 2093 791 2112 a.
813 2085 996 2122 (Klemrning
1018 2087 1055 2121 ΙΙ,
1082 2084 1115 2113 17
1138 2086 1182 2113 als
1207 2087 1437 2123 „Hymnus“.)
1457 2104 1486 2109 -

163 2147 169 2159 ,
233 2133 300 2162 quis
323 2133 387 2152 esse
405 2144 411 2150 .

573 2219 634 2250 170.
675 2218 709 2250 ln
731 2218 909 2250 Nativitate
932 2219 1065 2250 Domini.

184 2305 214 2338 1.
244 2302 387 2343 Angelus
415 2301 583 2342 emittitur,

242 2353 313 2385 Ave
341 2351 435 2385 dulce
461 2351 633 2392 promitur,

243 2400 360 2434 Semen
386 2401 448 2434 Dei
474 2400 612 2442 seritur3

242 2451 346 2492 Igitur

242 2502 341 2534 Porta
368 2499 449 2532 caeli
475 2497 642 2539 panditur.

885 2303 917 2334 2.
946 2301 1020 2333 Vim
1048 2306 1165 2334 natura
1191 2305 1325 2347 patitur,

946 2350 1052 2382 Filius
1079 2352 1272 2394 concipitur,

946 2399 1048 2441 Virgo
1073 2410 1137 2432 non
1164 2404 1405 2447 corrumpitur;

946 2449 1053 2489 Igitur

947 2498 1048 2530 Porta
1074 2498 1157 2530 caeli
1183 2500 1352 2541 panditur.
