1650 2727
205 265 242 298 5.
269 264 406 297 Iuvenes
431 266 464 295 et
489 271 594 298 senes.

315 311 489 344 Dominum
516 311 659 353 laudate,

269 362 312 394 Et
337 361 452 402 populi
477 369 601 402 omues,

317 409 466 442 Praesuli
493 411 632 442 cantate.

361 555 405 582 Ad
428 553 618 583 Benedictus.

190 646 234 680 A.
262 642 383 688 [Deus]
411 653 449 676 ex
476 643 542 676 alto
569 643 677 675 oriens

312 693 473 725 Mundum
501 691 647 724 visitavit

265 743 307 775 Et
334 742 368 773 in
394 741 538 774 tenebris
565 741 717 774 sedentes

313 790 406 822 Tunc
432 790 640 829 illuminavit,

264 841 343 874 Cum
372 839 518 881 pontifici
544 839 640 871 beato

313 889 514 929 triumphum
543 888 687 929 donavit,

264 939 332 980 Quo
360 937 446 970 dono
472 937 534 970 sibi
562 937 681 970 collato

315 986 461 1019 Gloriam
488 986 632 1018 intravit.

309 1164 354 1196 In
383 1165 415 1196 2.
444 1162 667 1203 Vesperis.

362 1260 407 1287 Ad
429 1258 611 1296 Magnificat.

189 1362 230 1393 A.
258 1360 309 1392 De
335 1359 413 1390 sede
440 1361 590 1399 potentes

310 1407 400 1440 Deus
428 1408 589 1448 deposuit,

260 1457 385 1490 Horum
412 1455 599 1498 superbiam

307 1505 392 1537 iuste
420 1505 628 1546 compescuit,

258 1554 391 1588 Pastori
415 1554 552 1586 Evurtio

308 1603 459 1635 baculum
487 1603 649 1646 praebuit,

257 1653 326 1693 Quo
351 1653 463 1693 lupum
489 1651 610 1684 inferni

306 1701 339 1733 in
366 1705 491 1734 tantum
519 1702 647 1744 terruit,

259 1750 353 1792 Quod
380 1760 399 1782 a
427 1749 520 1783 fauce
547 1751 616 1782 eius

305 1808 434 1840 gregem
463 1799 595 1840 eripuit.

186 1917 226 1950 R.
255 1917 339 1950 Dum
367 1918 458 1950 Elias
486 1927 585 1951 curru
609 1917 750 1960 scandit,

306 1967 445 2001 Pallium
473 1967 705 2009 substernitur,

257 2016 413 2049 Evurtius
439 2026 557 2050 numen
584 2018 712 2058 pandit,

305 2064 442 2098 Gratum
468 2066 594 2100 cunctis
621 2066 776 2101 cernitur.

253 2114 307 2148 Sic
343 2121 476 2149 evectus
502 2125 593 2157 spem
621 2115 802 2157 protendit,

301 2163 436 2198 Sursum
462 2175 523 2206 per
548 2175 643 2206 quam
664 2165 797 2199 labitur.

727 165 970 201 -69-

903 263 944 296 V.
975 260 1112 295 Confert
1136 262 1214 302 vigil
1241 263 1374 302 praesul
1403 262 1498 295 fortis

976 311 1084 343 Vitam
1116 315 1208 342 notas
1236 314 1366 352 tergens
1394 312 1519 351 mortis,

1023 360 1094 399 Qua
1118 368 1178 398 pro
1205 368 1335 399 semper
1364 359 1495 393 fruitur.

1143 485 1246 511 Prosa.

936 602 942 609 .
971 575 1035 607 Ore
1063 572 1171 607 defert
1198 574 1269 606 Noe
1297 573 1397 605 risum

973 622 1141 663 Columba,
1175 623 1250 654 dum
1277 622 1387 663 placat
1415 623 1520 655 visum

1022 672 1141 705 oliveti
1169 673 1304 712 ramulo,

971 722 1008 753 In
1037 721 1222 762 praesulem
1250 720 1360 762 prodit
1390 719 1498 752 fusum

969 770 1145 803 Evurtium
1172 770 1219 802 sic
1246 769 1400 802 suffusum

1020 820 1185 853 Virtutum
1214 829 1253 851 ex
1281 819 1420 851 cumulo.

910 922 941 946 ·.
970 913 1058 954 Ignis
1085 911 1226 952 flagrans
1254 912 1460 954 deprimitur,

971 962 1015 994 Et
1041 963 1213 994 thesaurus
1241 960 1437 1000 exprimitur

1019 1012 1073 1043 Ad
1103 1010 1200 1042 decus
1229 1009 1397 1046 ecclesiae,

973 1059 1175 1092 Matliatliias
1203 1059 1371 1090 ulciscitur

969 1109 1011 1140 Et
1040 1118 1099 1149 per
1127 1108 1240 1140 Iudam
1268 1107 1436 1140 reducitur

1018 1158 1169 1198 Opimum
1196 1157 1347 1190 amasiae.

933 1275 940 1283 .
969 1250 1105 1283 Fratres
1133 1250 1259 1290 praeda
1287 1250 1468 1289 captivatos

968 1299 1012 1332 Ut
1040 1298 1160 1332 Tobias
1188 1299 1345 1331 liberatos

1017 1348 1141 1382 Reddit
1168 1348 1230 1379 Dei
1256 1357 1401 1386 munere,

967 1397 1099 1438 Clipeus
1127 1401 1203 1437 stat,
1232 1397 1335 1429 donec
1361 1401 1463 1429 tortos

967 1447 1060 1478 Iosue
1089 1450 1184 1484 terat,
1213 1447 1260 1478 sic
1287 1450 1397 1486 gratos

1015 1496 1133 1528 Manus
1160 1496 1276 1535 pandit
1304 1504 1414 1535 opere.

931 1609 937 1615 .
967 1584 1061 1617 Omni
1090 1583 1143 1615 die
1171 1583 1227 1616 dat
1252 1583 1391 1616 salutem

965 1632 1145 1665 Animabus
1173 1636 1270 1673 atque
1299 1632 1407 1664 dotem

1013 1682 1144 1722 Fugans
1172 1691 1298 1724 poenae
1325 1682 1485 1721 sarculos,

963 1731 1028 1763 Hic
1054 1732 1188 1771 Moyses
1213 1731 1312 1764 scidit
1342 1730 1460 1763 fortem

965 1780 1069 1812 Maris
1096 1780 1219 1812 stillam
1247 1785 1279 1812 et
1307 1780 1473 1813 cohortem

1014 1830 1108 1862 Velut
1137 1829 1204 1862 eius
1232 1829 1368 1862 baiulos.

928 1944 936 1951 .
964 1919 1053 1959 Ergo
1080 1918 1142 1950 rite
1170 1917 1262 1950 fibris
1290 1918 1411 1959 clangit

965 1968 1083 2007 Plebs,
1108 1967 1237 2007 Evurti,
1267 1968 1343 2000 dum
1371 1968 1513 2010 assurgit

1014 2017 1123 2058 Cultu,
1152 2018 1206 2057 qui
1234 2016 1438 2058 praefigitur,

962 2066 1083 2099 Tecum
1104 2066 1203 2098 duces
1222 2076 1307 2100 nunc
1326 2066 1512 2107 adplaudit,

962 2115 1008 2149 Ut
1035 2119 1201 2156 protegas,
1229 2125 1343 2149 manus
1371 2116 1477 2148 tendit

1013 2165 1153 2207 Affectu,
1181 2175 1245 2206 quo
1272 2165 1410 2206 rapitur.

232 2251 315 2281 offic,
337 2261 392 2281 ms.
407 2254 601 2282 Aurelianen.
624 2262 703 2282 saec.
729 2250 773 2280 15.
790 2252 862 2281 Cod.
879 2252 1018 2280 Vatican.
1035 2253 1142 2289 Regin.
1164 2251 1230 2281 623.
1248 2269 1283 2273 —
1300 2253 1340 2279 In
1362 2251 1385 2279 l.
1403 2253 1451 2281 Ve
1463 2262 1512 2288 sp.

151 2290 179 2320 A
203 2290 228 2325 1,
249 2290 269 2320 4
289 2292 493 2321 Aurelianem.
517 2308 545 2312 —
575 2292 601 2321 A
623 2291 651 2326 3,
674 2291 692 2321 2
714 2293 806 2320 cives.
827 2307 865 2312 —
886 2291 933 2320 Ad
954 2293 1054 2329 Magn.
1079 2292 1112 2323 A,
1136 2290 1154 2319 ‘2
1175 2292 1312 2320 Evurtio.
1336 2307 1373 2310 —
1396 2293 1472 2320 Ibid.
1496 2291 1514 2319 9

152 2332 272 2368 gratiis.
294 2346 331 2353 -—-
353 2332 405 2360 Ad
426 2333 565 2361 Matut.
587 2333 680 2362 Iuvit.
703 2330 722 2359 3
742 2332 945 2360 Aurelianem.
967 2346 1006 2350 —
1028 2332 1068 2359 In
1094 2330 1119 2359 1.
1145 2332 1252 2359 Noct.
1275 2332 1300 2360 A
1322 2329 1350 2364 3,
1373 2330 1391 2358 4
1408 2333 1514 2359 Fuisse

153 2370 273 2409 legitur.
292 2385 330 2391 -—
351 2369 381 2400 R
406 2370 435 2405 1,
464 2370 483 2401 3
504 2372 641 2401 Romam.
663 2387 701 2391 ——
723 2371 767 2398 In
788 2369 814 2399 2.
837 2372 944 2409 Noqt.
967 2370 992 2400 A
1018 2369 1048 2404 1,
1071 2369 1090 2399 3
1112 2370 1310 2400 Cocrnoscunt.
1334 2385 1371 2390 -
1394 2370 1423 2399 R
1450 2371 1472 2402 l,
1495 2370 1514 2397 4

152 2411 191 2438 ab
207 2411 301 2440 hoste.
317 2425 354 2430 --
370 2409 399 2440 R
414 2410 441 2446 2,
463 2410 482 2440 3
495 2411 556 2441 und
574 2411 618 2445 11,
637 2411 668 2447 je
684 2411 759 2440 zwei
777 2409 883 2440 Silben
899 2404 1094 2439 Uberschuss.
1110 2395 1192 2438 —HR
1208 2409 1234 2444 2,
1260 2410 1295 2439 12
1311 2410 1460 2438 laxantur.
1478 2425 1514 2431 -

152 2449 179 2479 A
200 2448 233 2485 3,
264 2449 279 2480 1
302 2451 394 2480 Pane.
416 2467 455 2472 —
477 2453 517 2481 In
539 2448 567 2479 3.
590 2452 697 2480 Noct.
720 2450 746 2479 A
767 2448 801 2486 2,
833 2449 847 2479 1
871 2459 915 2488 sq.
938 2451 967 2478 ei
989 2452 1117 2478 animae.
1140 2465 1176 2469 —
1200 2450 1225 2479 A
1247 2450 1274 2484 3,
1304 2448 1322 2476 2
1344 2450 1452 2478 educit.
1476 2464 1513 2469 --

151 2487 182 2518 R
206 2489 235 2524 1,
263 2489 282 2520 5
302 2491 380 2520 sense
401 2491 501 2520 fellea.
529 2505 568 2510 -
596 2492 637 2519 In
664 2489 780 2519 Laud.
807 2490 854 2519 Ad
875 2492 948 2519 Ben.
971 2488 988 2517 5
1009 2491 1104 2518 Trina
1132 2499 1199 2517 cum
1228 2488 1374 2526 pontifici.
1403 2504 1441 2508 -—
1471 2491 1513 2518 In

151 2527 180 2558 2.
199 2530 307 2570 Vesp.
328 2528 368 2564 R,
391 2529 410 2559 3
432 2531 546 2568 pendit.
561 2546 599 2550 —
620 2532 717 2559 Prosa
739 2527 766 2563 4,
789 2527 807 2558 6
827 2530 883 2559 lies
905 2529 1054 2558 baculus?
1076 2544 1109 2550 -
1131 2529 1209 2557 Ibid.
1231 2529 1258 2563 5.
1281 2527 1300 2556 5
1322 2532 1471 2567 proteges.
