1650 2727
673 99 725 154 ⁴-
775 129 919 165 88-—

344 228 557 264 Responsoria.

171 299 202 331 1.
233 297 392 330 Produxit
419 302 533 330 auctor
557 299 698 330 omnium

281 346 331 379 De
357 347 460 387 stirpe
486 347 626 386 puellari

230 395 352 428 Mirum
380 396 467 428 clare
494 396 697 436 praeludium

279 444 329 476 De
355 453 472 485 genere
500 444 611 486 regali,

232 493 341 525 Habet
368 493 521 525 tenellum
550 493 714 524 vasculum

281 542 461 575 Sanctitate
487 541 637 582 mentali3

178 592 201 624 '.
229 591 307 623 Paci
335 590 478 622 iunctum
506 589 637 621 amabili

230 640 308 671 Orbi
336 642 492 670 monstrat
522 638 663 670 vertibili

278 688 397 720 Lucem
424 692 454 718 ct
483 687 631 720 divinali.

194 801 200 807 .
230 775 409 815 Leprosum
436 775 527 806 illum
553 774 732 806 sordidum.

280 824 370 856 Putri
398 823 520 855 caduco
548 831 684 861 corpore

327 873 385 910 Qui
415 881 511 903 earne
540 870 711 908 defluebat,

231 920 366 952 Factum
393 921 505 952 muudi
532 919 754 960 spectaculum

276 970 435 1001 Abstersa
463 970 544 999 cutis
572 968 660 999 sanie

325 1017 431 1049 Snlivn
461 1017 614 1048 liniebat:

183 1066 200 1095 ’.
230 1066 328 1097 Sanat
356 1065 502 1105 perfecte
527 1065 715 1104 languidum

276 1115 369 1146 Omni
398 1114 553 1154 propulso
581 1114 726 1154 vulnere,

327 1162 412 1194 Dum
427 1164 533 1201 ipsum
549 1161 769 1202 abstergebat.
819 1198 822 1200 v

165 1252 196 1284 212,
226 1250 344 1290 Optata
370 1250 531 1290 sapientia

225 1299 319 1330 Venit
346 1308 405 1338 per
431 1298 660 1330 abstinentiam

273 1347 416 1387 lucentis
444 1346 634 1387 Salomonis,

227 1395 357 1435 Spernit
387 1400 416 1426 et
445 1394 683 1435 refulgentiam,

225 1444 448 1476 Orbicularem
476 1443 611 1483 gloriam

276 1492 429 1532 Imaginis
456 1491 594 1531 decoris2

180 1541 200 1572 Γ.
230 1540 366 1572 Carnem
379 1540 595 1580 mundumque
605 1546 786 1583 conterens,

231 1589 363 1620 Vectem
392 1589 545 1620 nudatam
573 1588 724 1620 deferens

280 1639 401 1670 Tractu
429 1638 621 1671 devotionis

197 1754 203 1760 ,
232 1725 351 1757 Mundi
380 1728 584 1765 contemptor
611 1724 736 1756 exstitit

281 1774 414 1806 Culmen
429 1773 595 1812 indignum
610 1773 775 1813 suscipere

330 1822 370 1853 Se
398 1822 486 1854 fatur
513 1822 727 1859 subditorum,

231 1874 331 1910 Quem
360 1871 489 1910 praesul
516 1875 607 1911 grate
634 1871 761 1910 recipit.

280 1919 389 1952 Verbo
416 1919 530 1951 salutis
557 1918 672 1951 adfluit

329 1969 365 2001 ln
393 1968 506 2000 ordine
533 1968 692 2008 polorum,

182 2018 203 2052 “.
237 2017 376 2049 Gemens
403 2017 469 2049 alta
495 2017 635 2057 suspiria

230 2065 442 2105 Multiplicat,
469 2065 600 2097 oracula

285 2116 361 2147 Cum
390 2115 465 2155 pilis
493 2114 699 2147 camelorum.

260 2253 306 2285 In
343 2254 373 2284 2.
412 2252 642 2284 Nocturno.

351 2329 554 2366 Antiplionae,

174 2422 205 2454 1.
233 2420 296 2452 Cor
322 2419 455 2461 pietatis
483 2419 590 2460 gratia

281 2470 336 2503 Ad
362 2469 458 2510 plene
485 2467 663 2500 delibutum

929 229 1065 263 Saccum
1093 228 1225 270 plenum
1252 226 1391 268 pecunia

978 278 1127 311 Ostendit
1156 276 1377 309 distributum.

870 368 902 399 2.
931 366 1050 399 Panem
1077 365 1191 398 salutis
1218 365 1328 397 attulit

978 413 1152 446 Famelicis
1180 423 1218 446 ac
1245 414 1369 453 stratis,

931 463 1076 504 Angelus
1102 462 1184 494 lucis
1210 462 1330 494 obtulit

983 512 1152 544 Saeculum
1182 511 1327 551 pietatis.

875 600 906 632 3.
935 599 978 631 Ut
1005 599 1097 631 novis
1123 598 1285 630 alimoniis

978 648 1125 680 cessavit
1151 646 1246 679 famis
1273 647 1385 686 pestis

928 695 1062 728 Suffecit
1087 695 1282 736 elemosynis

977 744 1096 777 Saccus
1122 744 1179 776 ille
1206 744 1368 776 caelestis.

869 834 901 866 4.
929 831 1033 863 Audit
1059 832 1121 863 boc
1147 831 1371 863 sanctissimus

977 880 1113 911 Pietatis
1141 884 1259 919 eustos,

930 929 993 960 Sed
1021 928 1090 968 agit
1113 928 1386 969 promptissimus,

979 976 1174 1008 consolatur
1198 981 1350 1010 maestos,

869 1068 901 1099 5.
930 1064 1037 1096 Trahe
1064 1073 1121 1094 nos
1149 1063 1191 1094 ad
1219 1063 1340 1102 sidera,

979 1113 1077 1144 Pater
1103 1113 1263 1144 invocate.

929 1160 1046 1193 Cordis
1075 1160 1239 1192 desideria

977 1210 1121 1249 Replens
1146 1209 1302 1241 bonitate.

869 1300 900 1331 6.
929 1298 1025 1329 Ponit
1052 1297 1084 1328 in
1111 1296 1317 1335 caelestibus

981 1345 1044 1378 Sed
1071 1355 1132 1377 non
1159 1345 1192 1376 in
1219 1350 1397 1386 pertusum.

931 1395 1024 1434 Quod
1053 1395 1150 1426 datur
1175 1394 1375 1434 pauperibus

980 1445 1043 1476 Per
1068 1451 1187 1474 numen
1215 1441 1376 1474 diffusum.

1048 1539 1260 1575 Respousoria.

873 1600 904 1633 1.
934 1598 1117 1631 Gaudiosus
1145 1599 1177 1629 in
1205 1598 1370 1639 publicum

982 1647 1089 1679 Verba
1116 1647 1201 1679 vitae
1229 1649 1379 1689 serendo,

931 1696 1052 1728 Factus
1078 1705 1198 1736 praeco
1229 1697 1414 1728 caelestium

981 1745 1139 1784 Populum
1169 1745 1385 1785 admonendo,

932 1794 1047 1826 Stabat
1075 1794 1118 1826 ad
1144 1794 1354 1835 puerperium

977 1842 1099 1874 Mulier
1126 1843 1295 1884 pariendo,

867 1892 908 1925 Υ.
938 1891 1109 1932 Supplevit
1136 1892 1245 1924 lumen
1273 1893 1428 1924 caelicum

932 1940 1092 1981 Flagrans
1119 1942 1235 1973 mentis
1261 1941 1446 1974 incendium

982 1990 1035 2021 Sic
1059 1989 1183 2022 distans
1210 1990 1388 2024 audiendo.

871 2079 904 2112 2.
931 2077 1088 2117 Leprosis
1114 2082 1262 2118 praestat
1287 2079 1410 2111 oscula.

932 2126 1097 2158 Irradiata
1123 2126 1273 2168 plantula

981 2175 1090 2208 Seriit
1116 2179 1146 2207 et
1173 2176 1336 2209 sauciatis.

932 2224 1071 2264 Frangit.
1099 2221 1302 2268 domat[que]
1331 2224 1420 2261 vitia,

931 2274 1039 2314 Auget
1065 2281 1208 2314 superna
1233 2282 1334 2314 opera

981 2321 1140 2362 lndagine
1167 2322 1346 2362 claritatis;

866 2371 906 2403 V.
933 2369 1031 2403 Sidus
1058 2371 1181 2403 clarum
1209 2371 1352 2414 emicuit,

932 2419 1051 2452 Procul
1076 2428 1182 2452 sermo
1209 2420 1354 2453 insonuit

981 2467 1087 2511 Apice
1113 2468 1273 2502 veritatis.
