1650 2727
156 1915 212 1950 10.

156 2252 213 2287 11.

703 138 945 176 ..31—

217 265 224 272 .
250 237 355 272 Fallit
378 246 492 271 norma
517 237 690 279 rationem,

249 287 287 320 In
314 286 376 320 hoc
401 286 502 319 verbo
527 287 714 328 passionem

296 335 383 368 Dum
409 334 528 375 recipit
552 335 651 375 actio,

248 383 319 417 Nec
344 383 493 417 aufertur
518 385 567 416 vis
593 384 712 426 activa,

248 433 314 466 Sed
342 433 375 466 in
400 433 505 474 ipsam
533 433 565 465 vi
591 433 724 473 passiva

296 482 352 515 Fit
378 482 606 523 reciprocatio.

245 574 443 607 Immensum
479 574 604 607 claudit
628 583 790 618 mensura,

246 622 369 655 Factor
394 624 462 656 exit
489 624 530 655 de
558 622 697 664 factura,

293 671 430 712 Figulus
457 673 498 705 de
525 673 669 713 vasculo,

245 720 375 754 Iustitia
400 725 507 754 terras
534 722 610 754 visit

245 769 295 802 De
321 771 480 812 supernis,
507 771 595 812 quod
619 770 771 811 promisit

294 819 433 852 Davidis
460 819 603 853 oraculo.

247 913 362 947 Caelos
389 912 552 945 inclinans
580 913 761 954 descendit,

245 963 338 1003 Quod
349 963 488 994 mundus
496 972 559 995 non
568 962 827 1006 comprehendit,

296 1010 446 1043 Claustro
475 1011 565 1043 brevi
594 1011 766 1054 clauditur,

248 1061 309 1093 Ille
337 1065 450 1093 ventre
475 1061 615 1100 puellari

247 1109 408 1151 Dignatus
435 1114 484 1141 est
512 1109 664 1149 baiulari,

295 1159 354 1197 Qui
386 1167 448 1191 non
476 1155 766 1192 circumscribitur.

246 1245 295 1278 Ne
321 1245 501 1278 serviamus
526 1249 706 1286 aeternum,

244 1295 391 1336 Regnum
418 1296 509 1328 cuius
536 1300 585 1327 est
609 1300 788 1333 aeternum,

292 1345 384 1376 Servi
412 1353 529 1385 corpus
556 1345 681 1387 induit3

245 1392 449 1426 Germinavit
476 1394 570 1427 radix
598 1394 687 1426 lesse

241 1441 384 1482 Florem,
412 1451 506 1483 quem
533 1443 613 1476 satis
635 1452 790 1484 expresse

292 1492 394 1524 Isaias
420 1492 537 1525 innuit.

211 1606 216 1612 .
248 1580 349 1621 Virga
374 1581 464 1614 Iesse
490 1586 699 1622 comparatur

243 1629 288 1662 Et
315 1629 470 1662 decenter
495 1630 674 1672 adaptatur

294 1678 410 1712 Partui
436 1679 594 1720 virgineo,

244 1727 320 1761 Sive
346 1729 447 1762 rubus
472 1729 620 1771 visionis,

245 1776 321 1810 Sive
348 1777 452 1810 vellus
480 1777 646 1811 Gedeonis

293 1827 450 1869 Sparsum
477 1837 552 1860 rore
579 1827 694 1861 vitreo.

241 1915 398 1948 Ezechiel
424 1926 488 1949 non
513 1921 679 1958 patentem

241 1964 283 1998 Se
309 1969 438 2007 portam
464 1965 507 1998 ad
534 1966 692 1999 orientem

289 2015 421 2048 Vidisse
447 2015 634 2058 perhibuit,

243 2064 374 2098 Ventris
403 2066 490 2106 parit
517 2066 629 2098 clausa
655 2070 752 2108 porta

240 2114 352 2157 Virgo,
382 2115 423 2147 de
447 2124 510 2156 qua
536 2115 593 2148 lux
620 2121 670 2148 est
695 2119 769 2149 orta

288 2164 333 2197 Et
358 2164 458 2197 terris
484 2165 612 2197 enituit.

240 2253 342 2286 Porta
369 2254 480 2287 clausa
504 2258 581 2294 post
607 2258 639 2286 et
665 2257 753 2296 ante,

240 2301 381 2336 Florens
408 2303 522 2336 hortus
547 2309 660 2336 austro
678 2301 789 2343 flante,

288 2351 416 2386 Hortus
443 2351 530 2386 fetus
555 2352 713 2395 balsamo,

240 2400 366 2434 Hortus
385 2403 515 2435 clausus
530 2400 652 2435 florens
666 2405 789 2440 austro,

243 2450 342 2493 Cuius
367 2450 457 2484 Deus
490 2453 606 2493 prodit
631 2451 788 2492 claustro,

288 2499 436 2542 Sponsus
458 2504 495 2534 ut
521 2509 561 2533 ex
586 2500 744 2534 thalamo.

200 2559 344 2588 Drevoa.
366 2559 520 2584 cantiones
537 2562 566 2584 et
582 2559 694 2584 Muteti.
726 2558 782 2584 ΙΙΙ.

872 239 928 272 12.

868 575 923 608 13.

868 914 923 947 14.

868 1248 922 1281 15.

870 1581 926 1616 16.

867 1918 923 1953 17.

867 2253 923 2289 18.

957 238 1034 271 Sine
1059 247 1168 282 succo,
1196 239 1266 271 sine
1291 248 1365 272 rore

955 286 1055 328 Virga
1081 286 1145 318 leni
1175 287 1231 319 dat
1258 297 1329 320 cum
1359 286 1441 320 flore

1002 334 1161 368 Fructum
1187 336 1258 368 siue
1285 337 1442 377 germine,

953 384 1064 424 Virgo,
1092 393 1153 424 per
1177 393 1272 424 quam
1292 385 1385 418 nobis
1405 386 1504 418 datur

951 433 1095 466 Fructus
1122 434 1218 472 vitae,
1247 434 1442 473 gravidatur

1001 481 1078 513 Sine
1106 482 1167 514 viri
1194 482 1327 515 semine.

951 575 982 606 A
1010 573 1119 606 fructu
1145 584 1233 606 mors
1260 576 1433 612 emanavit,

951 623 1113 656 Mundum
1142 623 1267 656 fructus
1295 625 1482 656 emundaxit

1001 671 1122 705 Fracto
1149 674 1263 704 mortis
1292 673 1422 713 malleo,

951 722 1023 753 Eva
1051 721 1159 754 fructu
1184 732 1242 754 nos
1270 723 1413 754 seduxit.

952 913 1053 946 Sacra
1080 914 1135 945 lux
1163 923 1221 945 nos
1249 913 1416 950 clucescit,

953 963 997 995 Et
1024 972 1087 995 nox
1114 963 1182 994 eius
1209 967 1335 994 noctem
1363 963 1464 995 nescit

1001 1011 1115 1044 Ortum
1144 1012 1253 1044 dantis
1280 1011 1422 1051 luminis,

952 1061 1045 1100 Quod
1082 1061 1124 1093 ad
1152 1061 1257 1093 lucem
1285 1071 1342 1092 nos
1370 1061 1502 1100 direxit,

951 1110 1044 1150 Quod
1072 1110 1173 1151 pedes
1201 1113 1329 1142 nostros
1358 1109 1485 1143 reflexit

1001 1160 1030 1191 A
1058 1161 1110 1191 via
1137 1159 1296 1200 caliginis.

952 1247 1136 1279 Illustravit
1161 1247 1294 1279 umbras
1322 1252 1454 1287 praesto

952 1296 1067 1328 Noctis
1094 1296 1189 1328 huius
1216 1296 1414 1337 intempesto

1002 1345 1077 1377 Veri
1104 1345 1182 1377 solis
1210 1347 1333 1385 radius,

951 1395 989 1427 In
1016 1393 1169 1426 tenebras
1195 1395 1301 1435 gentis
1328 1395 1447 1427 missae

950 1443 1071 1476 Lucem
1100 1453 1249 1484 magnam
1278 1444 1429 1476 micuisse

1001 1492 1103 1526 Notat
1129 1494 1230 1525 Amos
1257 1492 1354 1527 tilius,

953 1581 1005 1614 De
1032 1585 1127 1614 nocte
1152 1581 1349 1623 praevidens
1378 1583 1452 1624 ista,

954 1631 1001 1665 Ut
1028 1631 1111 1669 dies,
1137 1632 1184 1663 ait
1212 1631 1395 1671 psalmista,

1003 1680 1076 1713 Nox
1103 1680 1351 1719 illuminabitur,

954 1730 1028 1763 Nox
1055 1731 1226 1762 illustrans
1252 1731 1438 1771 tenebrosa,

953 1780 1075 1822 Legem
1102 1779 1212 1821 legens
1238 1779 1318 1820 legis
1346 1780 1447 1821 glosa,

1003 1828 1102 1870 Legis
1129 1829 1231 1861 nubes
1259 1829 1431 1863 scinditur.

952 1919 1020 1951 Iam
1047 1917 1196 1950 aufertur
1223 1923 1389 1958 sceptrum
1408 1918 1502 1954 luda,

950 1967 1122 2010 Synagoga
1152 1967 1245 2000 sedet
1272 1968 1360 2000 nuda

999 2016 1082 2050 Fixo
1109 2017 1191 2058 legis
1218 2018 1378 2058 tegmine3

949 2067 1062 2107 Tange
1089 2067 1206 2108 lyram,
1241 2077 1347 2108 pange
1375 2067 1501 2107 laudes,

950 2116 999 2148 Tu
1013 2116 1068 2156 qui
1080 2117 1244 2149 Christum
1257 2120 1365 2148 natum
1378 2116 1501 2157 gaudes

999 2165 1051 2198 Ex
1078 2166 1188 2199 Maria
1216 2166 1353 2208 virgine.

951 2253 1068 2287 Gaude
1094 2254 1203 2296 turba,
1232 2255 1338 2295 lyram
1364 2258 1472 2295 tange,

951 2303 1067 2336 Gaude
1093 2313 1200 2344 manu,
1230 2304 1330 2335 melos
1358 2312 1476 2344 pange,

998 2352 1112 2386 Mente
1138 2357 1245 2386 tamen
1275 2353 1403 2392 sobna,

950 2402 1062 2443 Tange
1089 2403 1215 2444 lyram,
1244 2402 1351 2441 turba,
1381 2402 1500 2445 gaude,

951 2451 1062 2492 Pange
1076 2462 1184 2492 mauu,
1199 2460 1316 2493 pange,
1336 2450 1501 2494 [plaude],

999 2500 1086 2534 Nato
1114 2505 1232 2534 canunt
1259 2501 1380 2533 omnia.
