1650 2727
681 143 943 180 -186-

180 267 188 275 .
215 241 332 275 Almae
358 242 472 276 matris
498 243 628 277 nomine

265 292 406 324 Vocatae
430 301 558 325 sorores

217 339 339 373 Stellae
366 341 476 382 mariS‚
505 340 644 374 feminae

266 389 395 422 Polleut
420 390 595 432 gratiosae.

357 506 570 542 Responsoria.

187 607 194 616 .
223 582 301 615 Dies
329 582 431 617 festus
458 585 626 618 beatarum

218 632 337 664 Matris
365 633 486 665 Christi
513 643 742 675 germanarum

267 680 459 714 Celebratur
486 683 592 722 hodie,

221 729 308 768 Quas
333 729 448 762 invitat
476 732 517 763 ad
544 740 685 771 superna

222 777 382 816 Chn'stuS,
410 779 483 811 luce
509 780 707 820 sempiterna

271 826 442 859 Fruituras
469 829 610 868 gloriae;

178 901 185 908 .
217 875 376 907 Felicium
404 886 464 916 par
490 886 635 909 sororum

222 923 346 955 Chorus
373 925 491 964 gaudet
519 934 744 966 supernorum.

159 1017 190 1043 ⁵.
217 1010 390 1042 mirandae
414 1011 611 1051 propagines

269 1059 348 1090 Tres
377 1068 414 1090 ex
439 1068 502 1091 una
529 1060 594 1091 vite

220 1106 437 1147 (immamus,

220 1155 439 1188 Procreantur

218 1203 270 1235 Ex
297 1204 412 1244 quibus
440 1213 495 1236 sex
523 1205 670 1238 homines

268 1253 312 1284 Et
339 1258 466 1285 creator
491 1254 598 1293 vitae3

180 1327 187 1334 .
221 1300 274 1332 Sic
301 1311 339 1333 ex
367 1305 462 1333 Anna
490 1307 556 1333 tres
582 1303 722 1343 puellae,

220 1349 339 1381 Omnes
367 1350 473 1382 dictae
499 1351 597 1382 maris
624 1353 749 1386 stellae.

159 1439 190 1469 ¹.
218 1437 305 1468 Ante
333 1436 417 1477 regis
444 1436 559 1468 solium

269 1486 364 1516 Astat
391 1490 583 1527 purpurata,

220 1534 284 1565 Per
311 1534 444 1565 duarum

219 1582 405 1614 Puellarum

219 1630 317 1662 Fulta
344 1630 569 1671 ministerium,

269 1679 413 1710 Hesther
441 1679 600 1717 delicata3

185 1753 191 1760 .
224 1727 296 1759 Hae
324 1728 451 1768 puellae
480 1728 542 1759 duo
569 1726 677 1768 flores,

227 1775 346 1808 Matris
373 1776 435 1808 Dei
463 1782 535 1808 sunt
563 1786 703 1812 sorores.

286 1932 332 1964 In
361 1933 394 1965 2.
422 1932 658 1968 Nocturno.

372 2009 572 2045 Antiphonae.

190 2125 198 2133 ,
225 2098 332 2137 Anna,
362 2098 500 2130 coniunx
526 2098 681 2139 Ioachim‚

272 2147 375 2178 trinos
404 2155 540 2186 sponsos
568 2147 681 2179 habuit

223 2195 267 2227 Et
293 2195 444 2233 Mariam,
469 2194 599 2228 Domini

273 2249 420 2286 matrem,
448 2244 555 2286 primo
580 2246 702 2285 genuit.

185 2357 194 2366 .
222 2331 291 2371 Quo
319 2330 473 2365 defuncto
502 2332 678 2374 Cleopham

272 2381 423 2414 maritum
453 2382 591 2422 accepit,

220 2429 270 2462 De
297 2439 360 2473 quo
387 2435 522 2463 matrem
550 2430 660 2464 Iacobi

269 2479 410 2514 Mariam
437 2481 597 2521 concepit.

861 245 893 277 3.

919 243 1059 276 Demum
1086 250 1207 282 sponso
1231 241 1383 274 Salomae

967 293 1065 324 tertio
1093 291 1242 333 donatur,

919 340 1006 374 Hinc
1031 340 1151 379 Maria,
1180 339 1309 374 Salome

970 389 1069 432 dicta,
1097 392 1282 430 generatur.

1061 505 1274 541 Responsoria.

883 611 890 618 .
919 584 1025 618 Maria
1053 588 1127 625 post
1154 583 1325 616 sabbatum

970 633 1125 673 Duaeque
1151 641 1280 665 sorores

918 682 1078 715 Emerunt
1104 685 1283 713 aromatum

967 731 1126 770 Mysticos
1151 731 1282 770 odores⁷

921 779 1097 818 Cupientes
1124 780 1310 819 stigmatum

969 827 1101 868 Ungere
1126 827 1257 867 livores,

917 876 962 908 Et
990 876 1101 908 dicunt
1128 876 1169 907 ad
1196 875 1352 907 invicem:

920 924 998 965 Quis
1024 924 1171 957 revolvet
1195 923 1317 955 silicem

970 973 1023 1004 Ad
1052 973 1194 1011 sepulcn'
1221 971 1334 1004 fores?

922 1061 948 1093 Ο
975 1060 1059 1101 Iesu,
1089 1058 1233 1091 deiferae

970 1108 1068 1140 Lucis
1092 1108 1357 1146 instrumentum,

921 1157 1034 1190 Olivae
1061 1156 1254 1189 fructiferae

969 1205 1075 1237 Dulce
1101 1206 1363 1240 condimentum,

922 1255 1021 1294 Quem
1051 1255 1133 1286 duae
1161 1258 1357 1286 materterae

920 1303 1019 1336 Mane
1045 1307 1204 1342 quaerunt
1229 1309 1349 1342 ungere

971 1351 1142 1383 Portantes
1171 1355 1392 1391 unguentum3

924 1400 995 1432 Hae
1019 1408 1118 1441 super
1145 1399 1383 1432 candelabrum

971 1448 1044 1480 Duo
1071 1454 1145 1480 sunt
1170 1448 1287 1486 olivae,

922 1498 1001 1530 Post
1029 1497 1134 1529 crucis
1159 1495 1378 1529 ventilabrum

973 1545 1088 1579 Testes
1115 1546 1222 1578 carnis
1250 1545 1352 1577 vivae.

929 1633 1008 1666 Orto
1035 1632 1113 1665 solis
1140 1633 1233 1664 radio

927 1681 1084 1714 Mulieres
1112 1682 1193 1713 visio

977 1730 1073 1763 Clara
1101 1730 1298 1772 consolatur,

928 1779 1073 1819 Angelus
1101 1778 1269 1816 terribilis,

926 1828 1024 1859 Veste
1051 1827 1266 1866 delectabilis,

926 1878 1045 1909 Amoto
1072 1877 1250 1916 signaculo,

924 1926 1083 1958 Reserato
1108 1926 1232 1957 tumulo

973 1973 1042 2006 Eas
1068 1974 1115 2006 sic
1141 1971 1294 2007 adfatur:

923 2022 997 2055 Non
1025 2026 1074 2054 est
1100 2022 1171 2064 hic,
1208 2031 1303 2062 quem
1330 2020 1497 2064 quaeritiS,

927 2071 1003 2111 Sed,
1030 2076 1128 2112 prout
1155 2071 1319 2114 videbitis,

973 2119 1116 2161 Surgens
1142 2120 1312 2160 gloriatur.

988 2267 1034 2298 In
1061 2268 1094 2301 3.
1123 2267 1359 2300 Nocturno.

1073 2345 1275 2381 Antiphonae.

867 2432 900 2466 1.
927 2433 1035 2466 Maria
1061 2434 1102 2467 de
1129 2434 1273 2468 Ioachim

975 2480 1039 2515 fuit
1065 2483 1294 2527 primogenita,
