1650 2727
153 706 173 736 4

148 997 174 1029 V

143 1469 172 1499 A

672 174 915 210 —g3..

179 302 184 307 .
218 270 342 306 Herbis
368 270 487 304 famem
515 270 716 312 refocillans

213 322 329 362 Aquae
354 320 408 352 siti
439 329 502 352 non
531 320 689 354 vacillans

264 371 459 403 Perseverat
484 367 628 409 fortiter,

262 419 362 452 Satan
391 418 495 450 saevit
521 419 643 450 acriter

213 469 252 501 In
279 466 462 508 Galganum
489 467 664 510 exsiliens3

165 518 184 551 “.
212 517 358 550 Daemon
385 520 510 548 terrere
538 516 682 557 cupiens,

213 566 369 599 Orantem
395 565 485 597 venit
509 565 633 597 iaciens

213 615 351 647 Trabem
379 615 473 657 ignis,
502 618 574 654 post
600 612 738 655 fugiens,

178 729 186 736 .
217 702 319 735 Fama
346 702 449 734 latere
475 702 608 742 cupiens

261 751 399 784 Sanctus
426 752 548 783 micans
568 750 757 794 virtutibus,

216 801 418 833 Diffunditur
442 800 474 832 in
503 800 631 839 Tuscia,

262 849 417 882 Mulieres
444 853 519 890 post
542 850 673 882 veniunt

262 899 312 931 De
338 898 444 931 Aretii
470 898 620 940 partibus

213 947 291 980 Cum
319 947 458 980 maxima
483 946 622 989 fiducia3

179 1024 186 1032 .
214 996 316 1029 Manu
343 1000 542 1030 contractam
570 997 713 1038 puellam

214 1046 266 1078 Ad
294 1045 396 1086 ipsius
427 1045 556 1077 ductam
585 1046 700 1078 cellam

263 1095 363 1127 Sanat
390 1093 451 1126 Dei
477 1095 595 1137 gratia.

310 1144 390 1176 Cum
417 1143 530 1184 gloria.

241 1300 286 1332 ln
323 1302 355 1335 3.
394 1300 629 1334 Nocturno.

334 1379 379 1405 Ad
402 1377 537 1406 Cantica.

178 1495 184 1501 .
212 1466 333 1499 Beatus
359 1467 506 1500 solitarie

262 1516 354 1548 Vitae
382 1516 548 1558 Galganus
575 1517 710 1556 studuit,

211 1564 284 1597 Non
311 1565 472 1598 thesauris
499 1565 656 1607 pecuniae

259 1614 355 1655 Spem
380 1624 470 1647 suam
484 1624 624 1656 unquam
646 1615 752 1655 posuit

324 1732 536 1768 Responsoria.

149 1802 178 1836 1.
209 1801 440 1842 Apostolorum
468 1802 592 1844 limina,

206 1851 268 1891 Qui
294 1855 369 1883 sunt
394 1852 506 1884 mundi
533 1851 666 1892 lumina,

258 1900 341 1933 Visit
366 1910 427 1941 pro
453 1901 668 1942 indulgentia,

205 1949 291 1983 Dum
317 1948 355 1982 fit
380 1950 509 1992 absens,
536 1951 718 1992 aliquorum

207 1998 316 2032 Corda
343 1998 485 2032 fremunt
513 2001 727 2042 malignorum

255 2049 320 2082 Pro
346 2049 489 2090 pessima
515 2050 660 2090 invidia,

139 2098 177 2133 V.
206 2097 274 2131 Hos
299 2098 341 2131 ad
366 2099 470 2132 locum
495 2100 700 2143 accedentes,

204 2147 325 2180 Ensem
360 2147 499 2182 fractum
527 2149 749 2190 relinquentes

252 2197 312 2230 Dei
340 2196 415 2230 ferit
442 2199 613 2232 sententia.

143 2287 176 2320 2.
204 2285 282 2319 Cum
309 2286 356 2319 sic
383 2287 506 2320 Romae
534 2292 734 2328 perseverat.

199 2335 291 2369 Haec
316 2345 376 2379 per
403 2336 506 2370 visum
532 2337 701 2370 asserebat

251 2385 321 2419 Sibi
347 2387 500 2419 caelestis
527 2387 680 2429 nuntius3

197 2435 321 2470 Dolens
347 2437 474 2478 cogitur
500 2436 622 2477 redire,

198 2484 265 2520 Ubi
289 2489 435 2519 meretur
459 2485 594 2520 audire:

247 2535 298 2569 Ne
322 2535 424 2569 adeas
450 2535 610 2572 ulterius!

852 272 891 304 V.
921 271 1000 304 Pars
1027 270 1133 304 fracta
1162 273 1237 304 dum
1267 274 1448 313 reponitur,

921 319 1043 360 Spatae
1070 319 1195 352 fractae
1223 322 1370 354 reficitur

970 368 1068 401 Ensis
1095 369 1252 408 auditque
1279 370 1384 402 citius.

885 473 891 481 .
921 446 1109 479 Construxit
1137 446 1289 479 cellulam

920 495 1086 536 Galganus
1114 495 1285 535 parvulam

970 545 1018 577 De
1045 544 1141 585 lignis
1169 544 1333 584 humilem,

970 593 1166 629 Rotundum,
1195 593 1334 625 similem

918 643 970 685 Ei,
999 652 1081 683 quae
1109 642 1254 674 cernitur

884 717 891 726 ,
920 693 957 724 In
986 692 1103 723 montis
1131 691 1282 730 culmine,

918 740 1059 774 Caelesti
1086 741 1217 772 numine

918 790 1008 822 Talis
1035 790 1232 822 ostenditur.

884 897 890 904 .
918 869 1027 904 Sacris
1056 869 1130 901 dum
1160 873 1252 901 vacat
1281 868 1412 901 studiis.

919 918 1089 950 Continuis
1117 917 1246 958 vigiliis,

971 968 1057 999 liuee
1085 967 1184 999 inissa
1212 967 1348 998 caelitus

968 1018 1036 1047 Vox
1064 1017 1183 1048 clamat
1211 1016 1386 1049 divinitus:

967 1066 1053 1097 Satis
1081 1070 1140 1103 est,
1168 1065 1254 1106 quod
1281 1064 1451 1100 laborasti,

967 1113 1055 1146 Mete
1084 1123 1180 1155 nunc,
1201 1114 1264 1154 qod
1285 1115 1468 1147 seminasti.

871 1164 891 1198 '.
921 1163 1049 1204 Corpus
1076 1164 1172 1195 inane
1198 1162 1377 1205 linquitur,

917 1213 1035 1243 Anima
1063 1212 1153 1244 caelo
1181 1212 1318 1251 rapitur,

917 1260 1065 1302 Galgano
1103 1261 1176 1292 dum
1205 1261 1253 1292 sio
1281 1261 1418 1293 dicitur.

976 1400 1021 1431 In
1060 1398 1297 1431 Laudibus.

1003 1467 1099 1502 Super
1120 1466 1268 1493 psalmos.

881 1576 885 1580 .
915 1545 1044 1579 Laudes
1072 1546 1182 1578 reddit
1211 1555 1309 1578 sanus
1341 1546 1446 1579 tactu->

914 1595 1001 1628 Puer
1026 1595 1193 1638 parvulus,
1223 1602 1410 1628 contractus

961 1644 1116 1677 Manibus
1143 1649 1240 1686 atque
1267 1645 1419 1686 pedibus.

963 1695 1074 1726 Sancti
1103 1693 1242 1735 Galgani
1268 1696 1432 1735 precibus.

1006 1791 1051 1819 Ad
1074 1793 1264 1820 Benedictus.

878 1878 884 1884 .
909 1851 1108 1884 Benedictus
1135 1862 1180 1893 es,
1209 1851 1359 1893 Domine,

911 1902 971 1941 Qui
999 1910 1133 1941 reparas
1161 1902 1193 1934 in
1222 1901 1350 1934 liomiue

962 1951 1155 1992 Angelimm
1183 1952 1360 1993 excidium,

912 1999 1095 2042 Galganum
1124 2010 1205 2033 vana
1233 2011 1401 2042 spernere.

912 2049 959 2081 Te
986 2050 1089 2082 solum
1119 2050 1222 2082 Deum
1251 2059 1409 2092 quaeret-2·

960 2100 1103 2132 Tuorum
1125 2100 1245 2132 docens
1265 2102 1457 2140 praemium,

1002 2237 1083 2271 Per
1119 2238 1272 2272 Horas.

1031 2306 1075 2334 Ad
1099 2305 1239 2334 Primam.

877 2411 884 2418 .
910 2385 1067 2418 Reddens
1095 2385 1182 2419 vitae
1211 2395 1348 2426 puerum

908 2433 1102 2468 Detnersum
1129 2435 1162 2467 in
1188 2434 1287 2468 fluvio

910 2483 1043 2518 Solatur
1067 2485 1195 2526 patrem
1224 2484 1379 2516 miserum

916 2532 982 2567 Suo
1008 2534 1206 2576 patrocinio.

1240 2588 1282 2618 6*
