1650 2727
669 179 716 185 —
769 157 934 194 169-—

162 255 196 290 8.
224 253 370 296 sculpsit
394 257 491 295 petra
517 255 651 288 Petrum

1046 256 1259 291 Responsoria.

267 303 395 345 poliens
418 302 594 345 redditque
619 304 816 345 quadratum
868 326 901 360 1·
930 324 1037 358 Vestis
1064 324 1251 365 panzodion

220 352 266 385 Et
290 361 390 393 super
413 351 500 385 hunc
526 353 613 385 locat
641 352 710 394 hos,

267 409 348 442 quos
380 399 456 434 diva
483 401 583 434 litura
609 410 769 442 supernos

220 449 325 482 Mittit
347 449 380 482 in
407 459 509 491 usque
535 450 628 491 polos

269 499 356 531 vitae
382 498 546 532 solidante
575 503 735 540 cemento,

182 573 190 581 .
221 546 395 580 Civitatem
406 547 523 589 maqm'
530 549 618 589 reyis
629 550 769 580 montes-

218 605 280 636 que
297 595 381 629 Sion
408 599 436 629 et
462 596 569 628 latera
587 595 767 638 aquilonis.

255 753 302 785 In
339 754 370 786 3.
400 752 632 786 Nocturno.

341 840 541 876 Antiphonae.

181 966 188 974 .
216 938 282 972 Sed
310 939 388 971 dum
411 940 612 980 multiplices

267 989 382 1021 Petrus
409 987 487 1020 ferit
512 998 569 1021 ore
594 992 740 1030 penates,

217 1036 377 1070 Fascibus
404 1038 559 1070 Ausoniis

265 1086 406 1119 invictus
433 1095 570 1128 parcere
597 1087 734 1128 spernit.

178 1210 186 1218 .
216 1184 311 1223 Nam,
340 1184 402 1217 nisi
430 1185 536 1217 victor
561 1184 634 1224 erit,

264 1233 406 1266 bellator
432 1233 548 1266 cedere
575 1233 679 1265 nescit

214 1283 322 1324 Atque
350 1282 558 1315 Saturnalem

265 1332 398 1364 deitatis
423 1332 575 1364 vendicat
601 1331 727 1366 urbem.

177 1454 184 1462 .
214 1429 415 1470 Exsequitur
441 1429 588 1462 celebres

263 1477 342 1510 felix
368 1478 511 1511 bellator
539 1488 658 1520 agones

214 1527 327 1560 Hostis
353 1527 528 1568 apostatici

265 1577 339 1609 dum
354 1575 488 1609 fraudes
503 1577 608 1610 trudit
621 1578 663 1610 ab
673 1577 762 1614 altis,

211 1626 354 1659 Arcibus
380 1627 451 1667 ipse
478 1626 545 1666 poli

262 1676 367 1707 victor
393 1675 515 1708 vexilla
541 1684 716 1716 reponens,

212 1724 355 1758 Militiae
380 1728 500 1757 metam

263 1773 427 1815 superatis
446 1773 595 1806 cladibus
615 1773 762 1815 explens.

978 373 1064 406 nodo
1092 374 1232 414 religata
1257 378 1429 414 quaterno,

928 421 1074 455 Caelitus
1103 421 1274 463 adiabenis,

978 471 1128 503 mundari
1162 471 1307 511 pendula
1341 479 1479 510 poscens

929 519 1024 552 Velle
1050 519 1113 552 Dei
1141 528 1259 551 numen

975 572 1078 600 totum
1106 568 1293 608 signaverat
1321 567 1454 609 orbem;

854 614 896 651 V.
924 616 1041 650 Omnis
1073 617 1187 649 carnis
1217 617 1334 657 parati
1362 617 1425 649 cibi
1453 622 1481 650 et

921 666 1142 706 praeparatio
1170 665 1314 699 illorum.

866 756 897 788 2.
926 754 952 787 O
981 754 1084 787 virtus
1113 753 1262 791 celebris,

975 803 1062 844 quod
1083 803 1244 843 principis
1260 802 1376 835 umbra
1391 802 1479 834 beati

926 851 1061 884 Morbos
1088 857 1121 883 et
1148 852 1271 889 clades,

978 902 1161 943 languores,
1203 900 1331 941 funera,
1368 904 1478 941 pestes

929 952 957 982 A
985 959 1186 991 quocumque
1213 949 1315 991 fugat,

976 999 1085 1040 prisca
1111 1000 1300 1031 valetudine
1327 999 1422 1038 ditat,

853 1045 897 1082 V.
926 1046 1008 1080 Ossa
1051 1048 1250 1081 conturbata
1291 1051 1318 1080 et
1357 1050 1481 1080 mentes

925 1097 1061 1130 saucias
1089 1098 1289 1137 animasque
1305 1099 1478 1138 gravatas.

867 1187 899 1219 3.
930 1185 1097 1218 Laudibus
1124 1186 1270 1226 insignis,

975 1243 1070 1275 quem
1097 1243 1216 1275 perpes
1243 1234 1346 1275 gloria
1366 1233 1477 1275 cingit,

928 1284 1032 1324 Leges
1060 1284 1093 1316 iu
1122 1284 1260 1325 populos

977 1337 1123 1364 statuens
1140 1333 1227 1364 velut
1239 1332 1478 1371 archisenator,

927 1381 1035 1413 Saecli
1062 1382 1136 1413 iura
1161 1386 1287 1421 tenens,

975 1440 1087 1470 regum
1122 1430 1310 1462 diademata
1337 1430 1478 1473 solvens,

927 1480 1066 1512 Orantes
1094 1484 1218 1511 turmas

976 1529 1129 1561 vitiorum
1157 1528 1247 1561 solve
1275 1533 1417 1571 catenas,

925 1578 1055 1611 Caelica
1082 1587 1233 1610 caesareo

974 1628 1194 1668 praetendens
1232 1627 1351 1669 gaudia
1379 1627 1475 1661 dono.

851 1672 894 1710 V.
921 1676 1092 1710 Excrescit
1118 1679 1154 1709 ut
1178 1676 1293 1718 pluvia
1323 1677 1476 1710 doctrina

922 1728 1001 1767 tua,
1041 1726 1115 1766 fluit
1150 1729 1185 1759 ut
1219 1737 1274 1760 ros
1310 1726 1478 1766 eloquium

923 1777 1029 1808 tuum.

190 1850 315 1880 Collect.
348 1860 402 1880 ms.
435 1860 513 1880 saec.
546 1850 590 1880 10.
620 1851 692 1880 Cod.
722 1853 820 1880 Vatic.
849 1853 954 1889 Regin.
984 1851 1050 1882 592.
1081 1853 1148 1881 add.
1178 1862 1256 1882 saec.
1290 1853 1335 1881 11.
1365 1868 1403 1872 -
1435 1855 1476 1882 In

111 1889 138 1919 2.
159 1891 188 1918 N
196 1894 267 1918 oct.
288 1889 318 1919 R
339 1888 367 1924 3,
391 1889 409 1919 2
431 1891 610 1928 poliensque
632 1891 738 1920 reddit.

515 2007 562 2039 68.
603 2006 637 2038 ln
661 2006 848 2040 Inventione
873 2016 896 2039 s.
918 2007 1070 2044 Quintini¹

252 2092 298 2124 ln
327 2091 358 2124 1.
386 2090 609 2132 vesperis,
833 2092 866 2126 2.
894 2091 1027 2132 Martyr
1054 2091 1210 2124 mirificos

947 2150 1062 2181 passus
1091 2141 1162 2174 dire
1191 2142 1357 2173 cruciatus

899 2190 1034 2223 Praesul
1063 2195 1095 2222 et
1123 2190 1271 2231 egregios

946 2239 1092 2272 lucratus
1120 2243 1229 2272 mente
1255 2239 1428 2280 maniplos,

847 2305 851 2309 ·
898 2288 1087 2322 Submissae
1115 2289 1207 2321 vobis

945 2347 1075 2380 semper
1102 2338 1286 2371 succurrite
1312 2337 1413 2378 plebi.

334 2169 538 2206 Antiphonae.

123 2262 155 2296 1.
184 2260 314 2302 Eligius
339 2259 485 2301 praesul,

231 2309 417 2350 Quintinae,
450 2311 579 2350 martyr
605 2308 760 2348 honorus,

183 2359 327 2400 Quorum
355 2357 484 2391 festivis

229 2409 294 2442 iam
318 2417 405 2442 nunc
422 2407 641 2440 incumbimus
665 2406 760 2448 actis,

180 2458 385 2492 Subveniant
411 2457 507 2490 nobis
837 2456 871 2491 3.
900 2455 1043 2489 Nomine
1069 2465 1130 2497 pro
1157 2456 1281 2490 Christi

228 2507 358 2542 meritis
366 2506 587 2549 precibusque
599 2504 762 2546 benignis.
945 2515 1124 2547 poenarum
1150 2505 1242 2538 milia
1266 2514 1363 2546 passe
