1650 2727
743 146 980 182 -74-

187 243 253 276 4a.
281 242 435 275 Tendunt
460 252 571 276 omnes
597 244 780 277 iudicantes
890 245 959 279 4b.
987 246 1088 279 Danti
1119 250 1258 287 parcunt
1284 249 1316 277 et
1342 248 1536 278 succurrunt

333 292 376 324 ad
403 292 537 324 maioris
566 293 642 325 doni
668 293 780 336 lucra;
1035 295 1218 336 principum
1244 293 1423 335 praesidia,

286 340 454 373 Praesidis
480 346 556 373 ante
582 342 726 374 tribunal
989 343 1087 376 Nulla
1112 352 1216 385 paene
1239 343 1304 374 iam
1330 342 1496 375 virescunt

334 399 395 422 vox
423 391 540 430 pupilli
567 391 676 431 plorat
694 390 828 431 frustra,
1038 392 1185 424 caritatis
1211 391 1368 433 germina,

285 438 457 470 Meliorem
484 443 573 471 tenet
599 440 714 478 locum,
988 441 1079 473 Bona
1105 441 1247 482 cadunt,
1275 440 1361 472 mala
1383 442 1534 481 surgunt,

333 496 427 528 quem
453 487 611 520 honorant
639 489 795 529 praemia.
1038 489 1250 521 immutantur
1276 488 1364 521 vitia.

185 576 204 607 5
221 583 252 607 a.
281 575 334 607 Sic
361 575 489 608 deludit
515 575 576 607 Dei
604 575 740 608 formam
890 580 908 610 5
925 576 956 611 b.
985 576 1155 615 Miserere,
1184 576 1272 607 Deus
1298 576 1362 616 pie,

331 624 496 656 daemonis
523 626 675 657 versutia.
1034 625 1089 664 qui
1116 634 1231 666 regnas
1258 625 1452 657 immortalis

606 716 638 745 6.
667 713 730 744 Per
757 718 887 745 terrena
913 714 1053 754 saecula,

665 761 779 792 Mundi
809 762 938 794 calcans
966 763 1103 794 crimina

667 810 803 841 Perenni
832 810 978 842 victoria.

259 895 382 922 collect.
418 903 471 922 ms.
504 895 675 922 Parisinum
708 905 784 923 saec.
822 895 863 924 10.
896 911 933 914 —
968 895 1011 923 13.
1041 896 1112 924 Cod.
1142 897 1286 924 Mazarin.
1321 895 1395 924 1708
1424 895 1530 931 (1318).

180 933 246 961 add.
269 943 345 961 saec.
372 932 414 960 11.
438 935 471 960 Α,
496 951 526 953 -
554 933 644 970 Trop.
667 944 720 962 rns.
743 936 930 963 Nivernense
952 944 1029 963 saec.
1057 935 1098 962 ll.
1115 935 1185 963 eod.
1202 936 1330 963 Parisin.
1353 934 1429 964 9449
1445 937 1476 963 Β.
1492 952 1527 956 -

182 971 238 1002 lb.
271 972 283 1000 1
308 974 444 1008 Quantus
467 974 497 1000 B.
522 988 555 992 —-
581 972 637 1002 ¹2³.
667 973 685 1001 3
707 983 771 1001 euni
795 975 828 1000 A.
851 989 889 992 —-
910 973 970 1007 43,
997 973 1015 1002 2
1036 975 1123 1001 (lonis
1147 975 1180 1001 B.
1201 989 1239 994 —
1260 973 1313 1007 4a,
1335 973 1354 1002 2
1376 975 1529 1003 Praesides

177 1011 212 1038 A.
228 1027 265 1030 —
279 1011 330 1045 43,
353 1012 371 1040 4
394 1012 533 1047 implorat
550 1013 582 1039 A.
604 1028 641 1031 —
663 1012 712 1045 4a,
733 1012 750 1039 5
773 1017 874 1041 tenent
890 1015 950 1042 AB.
967 1028 1004 1033 —
1027 1012 1080 1045 5b.
1104 1012 1122 1041 2
1144 1014 1229 1041 Lies:
1252 1023 1359 1050 regnas
1381 1015 1529 1050 imperia?

670 1167 717 1199 94.
761 1167 909 1199 Planctus
932 1167 1025 1200 Cleri.

465 1259 494 1290 1.
524 1258 706 1298 Margarita
732 1259 871 1299 pedibus
898 1260 1054 1301 calcatur,

522 1308 564 1339 Et
593 1308 728 1339 electum
757 1317 869 1339 aurum
895 1308 1099 1349 obscuratur⁷

523 1357 645 1388 Terrae
672 1356 720 1388 sal
747 1356 938 1399 infatuatur,

522 1406 719 1446 Azimusque
746 1406 840 1446 panis
868 1405 1092 1447 fermentatur,

570 1455 614 1487 Et
641 1455 828 1497 peripsima,
860 1467 879 1485 -κ
905 1456 987 1496 proh
1017 1456 1119 1498 dolor,
1148 1455 1184 1488 fit
1211 1455 1322 1497 pulpa.

522 1544 590 1575 Iam
618 1543 649 1574 in
678 1544 781 1575 Israel
808 1554 871 1576 non
899 1548 947 1576 est
973 1545 1145 1586 propheta,

522 1592 732 1624 Exor‹·isnius
759 1596 791 1624 et
818 1593 952 1625 verbum
979 1593 1086 1626 Effeta

521 1642 721 1674 Truculenta
747 1646 823 1674 sunt
848 1642 880 1674 in
907 1647 1004 1685 meta,

522 1690 694 1732 Sacerdos,
723 1692 860 1723 eximius
887 1692 1022 1729 athleta,

571 1740 750 1780 Nugatoria
779 1751 800 1770 κ
826 1746 999 1773 accusatur
1025 1741 1132 1781 culpa.

520 1829 664 1860 Auditur
691 1828 843 1869 ignobilis
871 1829 993 1870 ecloga,

522 1877 593 1909 Non
621 1877 758 1909 ecclesia
785 1878 843 1910 sed
870 1887 1034 1920 synagoga

573 1928 638 1959 lam
668 1926 816 1967 diligitur
844 1939 865 1956 ἦε
889 1936 950 1959 nec
976 1926 1064 1959 Deus
1091 1927 1122 1958 in
1151 1927 1256 1967 culpa.

461 2017 493 2048 ΕΟ

521 2015 606 2047 Rota
633 2014 713 2055 legis
739 2019 837 2054 atque
863 2013 943 2046 iuris
970 2014 1070 2045 cardo

522 2064 734 2096 Retractatur
759 2062 922 2094 volumine
947 2063 1055 2101 tardo,

521 2113 659 2144 Citiores
686 2111 842 2152 leopardo

520 2161 675 2193 Desidiae
700 2161 912 2192 immutantur
936 2159 1041 2198 lardo,

570 2210 651 2251 Heu,
679 2209 835 2240 iudicium
864 2220 885 2238 oe
910 2208 1028 2240 misere
1056 2207 1210 2241 declinat.

520 2297 610 2330 Petri
637 2296 729 2328 navis
755 2294 893 2327 fluctuat
920 2295 1086 2337 damnosa,

519 2346 563 2378 Et
590 2345 698 2377 suavis
725 2345 757 2375 iu
784 2344 913 2377 Iericho
939 2353 1013 2376 rosa

519 2394 591 2426 Stat
615 2393 650 2425 in
677 2402 791 2433 campo
818 2392 980 2432 dolorosa,

519 2443 632 2484 Neque
658 2441 795 2482 prodest
820 2441 917 2474 litera
942 2450 1002 2473 nec
1028 2441 1128 2482 glosa.

566 2491 632 2524 Sub
659 2490 806 2532 periculo
835 2501 857 2520 -κ
882 2490 978 2530 lupus
1003 2499 1094 2521 ovem
1122 2491 1234 2525 minat.
