<?xml version="1.0" encoding="UTF-8"?>
<!DOCTYPE html PUBLIC "-//W3C//DTD XHTML 1.0 Transitional//EN"
    "http://www.w3.org/TR/xhtml1/DTD/xhtml1-transitional.dtd">
<html xmlns="http://www.w3.org/1999/xhtml" xml:lang="en" lang="en">
 <head>
  <title>
</title>
<meta http-equiv="Content-Type" content="text/html;charset=utf-8" />
  <meta name='ocr-system' content='tesseract 3.04.00' />
  <meta name='ocr-capabilities' content='ocr_page ocr_carea ocr_par ocr_line ocrx_word'/>
</head>
<body>
  <div class='ocr_page' id='page_1' title='image "./analectahymnica45drevuoft/analectahymnica45drevuoft_0159.png"; bbox 0 0 1650 2727; ppageno 0'>
   <div class='ocr_carea' id='block_1_1' title="bbox 686 174 950 210">
    <p class='ocr_par' dir='ltr' id='par_1_1' title="bbox 686 174 950 210">
     <span class='ocr_line' id='line_1_1' title="bbox 686 174 950 210; baseline 0 0"><span class='ocrx_word' id='word_1_1' title='bbox 686 174 950 210; x_wconf 88' lang='grc'><strong>-156-</strong></span> 
     </span>
    </p>
   </div>
   <div class='ocr_carea' id='block_1_2' title="bbox 177 272 734 405">
    <p class='ocr_par' dir='ltr' id='par_1_2' title="bbox 177 272 734 405">
     <span class='ocr_line' id='line_1_2' title="bbox 177 272 734 317; baseline 0.002 -13"><span class='ocrx_word' id='word_1_2' title='bbox 177 272 218 306; x_wconf 81' lang='lat' dir='ltr'><strong>V.</strong></span> <span class='ocrx_word' id='word_1_3' title='bbox 245 273 367 306; x_wconf 88' lang='lat' dir='ltr'><strong>Sancta</strong></span> <span class='ocrx_word' id='word_1_4' title='bbox 395 273 527 306; x_wconf 81' lang='lat' dir='ltr'>Martha</span> <span class='ocrx_word' id='word_1_5' title='bbox 552 274 734 317; x_wconf 81' lang='lat' dir='ltr'><strong>satagebat,</strong></span> 
     </span>
     <span class='ocr_line' id='line_1_3' title="bbox 245 321 635 355; baseline 0.003 -1"><span class='ocrx_word' id='word_1_6' title='bbox 245 321 345 354; x_wconf 88' lang='lat' dir='ltr'><strong>Soror</strong></span> <span class='ocrx_word' id='word_1_7' title='bbox 372 331 450 354; x_wconf 92' lang='lat' dir='ltr'><strong>vero</strong></span> <span class='ocrx_word' id='word_1_8' title='bbox 480 323 635 355; x_wconf 86' lang='lat' dir='ltr'><strong>audiebat</strong></span> 
     </span>
     <span class='ocr_line' id='line_1_4' title="bbox 294 370 692 405; baseline 0.005 -2"><span class='ocrx_word' id='word_1_9' title='bbox 294 370 400 404; x_wconf 89' lang='lat' dir='ltr'><strong>Verba</strong></span> <span class='ocrx_word' id='word_1_10' title='bbox 426 371 546 404; x_wconf 83' lang='lat' dir='ltr'>Christi</span> <span class='ocrx_word' id='word_1_11' title='bbox 573 372 692 405; x_wconf 89' lang='lat' dir='ltr'><strong>dulcia.</strong></span> 
     </span>
    </p>
   </div>
   <div class='ocr_carea' id='block_1_3' title="bbox 179 459 723 789">
    <p class='ocr_par' dir='ltr' id='par_1_3' title="bbox 179 459 723 789">
     <span class='ocr_line' id='line_1_5' title="bbox 189 459 717 493; baseline 0 -2"><span class='ocrx_word' id='word_1_12' title='bbox 189 460 221 493; x_wconf 85' lang='lat'><strong>3.</strong></span> <span class='ocrx_word' id='word_1_13' title='bbox 249 459 352 492; x_wconf 89' lang='lat' dir='ltr'><strong>Prece</strong></span> <span class='ocrx_word' id='word_1_14' title='bbox 378 459 530 491; x_wconf 82' lang='lat' dir='ltr'><strong>Marthae</strong></span> <span class='ocrx_word' id='word_1_15' title='bbox 557 460 717 492; x_wconf 84' lang='lat' dir='ltr'><strong>Lazarum</strong></span> 
     </span>
     <span class='ocr_line' id='line_1_6' title="bbox 297 507 656 548; baseline 0 -8"><span class='ocrx_word' id='word_1_16' title='bbox 297 507 448 540; x_wconf 88' lang='lat' dir='ltr'><strong>Christus</strong></span> <span class='ocrx_word' id='word_1_17' title='bbox 475 509 656 548; x_wconf 69' lang='lat' dir='ltr'><strong>suscitavit,</strong></span> 
     </span>
     <span class='ocr_line' id='line_1_7' title="bbox 242 555 710 598; baseline 0 -10"><span class='ocrx_word' id='word_1_18' title='bbox 242 557 310 588; x_wconf 88' lang='lat' dir='ltr'><strong>Iam</strong></span> <span class='ocrx_word' id='word_1_19' title='bbox 336 555 512 588; x_wconf 80' lang='lat' dir='ltr'>foetentem</span> <span class='ocrx_word' id='word_1_20' title='bbox 538 561 710 598; x_wconf 83' lang='lat' dir='ltr'><strong>mortuum,</strong></span> 
     </span>
     <span class='ocr_line' id='line_1_8' title="bbox 293 605 655 646; baseline 0 -9"><span class='ocrx_word' id='word_1_21' title='bbox 293 606 392 645; x_wconf 82' lang='lat' dir='ltr'><strong>Quem</strong></span> <span class='ocrx_word' id='word_1_22' title='bbox 420 606 490 645; x_wconf 90' lang='lat' dir='ltr'><strong>ipse</strong></span> <span class='ocrx_word' id='word_1_23' title='bbox 516 605 655 646; x_wconf 86' lang='lat' dir='ltr'><strong>amavit;</strong></span> 
     </span>
     <span class='ocr_line' id='line_1_9' title="bbox 179 654 640 694; baseline 0 -9"><span class='ocrx_word' id='word_1_24' title='bbox 179 654 220 686; x_wconf 87' lang='lat' dir='ltr'><strong>V.</strong></span> <span class='ocrx_word' id='word_1_25' title='bbox 248 654 310 686; x_wconf 88' lang='lat' dir='ltr'><strong>Dei</strong></span> <span class='ocrx_word' id='word_1_26' title='bbox 337 654 473 694; x_wconf 83' lang='lat' dir='ltr'><strong>gloriam</strong></span> <span class='ocrx_word' id='word_1_27' title='bbox 502 654 640 693; x_wconf 82' lang='lat' dir='ltr'><strong>videbis,</strong></span> 
     </span>
     <span class='ocr_line' id='line_1_10' title="bbox 245 702 723 741; baseline -0.002 -7"><span class='ocrx_word' id='word_1_28' title='bbox 245 703 301 734; x_wconf 88' lang='lat' dir='ltr'><strong>Ait</strong></span> <span class='ocrx_word' id='word_1_29' title='bbox 330 703 490 741; x_wconf 81' lang='lat' dir='ltr'><strong>Christus,</strong></span> <span class='ocrx_word' id='word_1_30' title='bbox 519 706 551 734; x_wconf 92' lang='lat' dir='ltr'><strong>et</strong></span> <span class='ocrx_word' id='word_1_31' title='bbox 577 702 723 740; x_wconf 90' lang='lat' dir='ltr'><strong>habebis,</strong></span> 
     </span>
     <span class='ocr_line' id='line_1_11' title="bbox 295 750 715 789; baseline -0.002 -6"><span class='ocrx_word' id='word_1_32' title='bbox 295 750 439 789; x_wconf 79' lang='lat' dir='ltr'><strong>Martha,</strong></span> <span class='ocrx_word' id='word_1_33' title='bbox 467 751 494 782; x_wconf 89' lang='lat' dir='ltr'><strong>si</strong></span> <span class='ocrx_word' id='word_1_34' title='bbox 522 751 715 783; x_wconf 80' lang='lat' dir='ltr'><strong>credideris.</strong></span> 
     </span>
    </p>
   </div>
   <div class='ocr_carea' id='block_1_4' title="bbox 280 905 657 939">
    <p class='ocr_par' dir='ltr' id='par_1_4' title="bbox 280 905 657 939">
     <span class='ocr_line' id='line_1_12' title="bbox 280 905 657 939; baseline 0.003 -2"><span class='ocrx_word' id='word_1_35' title='bbox 280 906 325 937; x_wconf 93' lang='lat' dir='ltr'><strong>In</strong></span> <span class='ocrx_word' id='word_1_36' title='bbox 353 907 384 939; x_wconf 82' lang='grc'><strong>2.</strong></span> <span class='ocrx_word' id='word_1_37' title='bbox 422 905 657 938; x_wconf 89' lang='lat' dir='ltr'><strong>Nocturno.</strong></span> 
     </span>
    </p>
   </div>
   <div class='ocr_carea' id='block_1_5' title="bbox 367 981 567 1017">
    <p class='ocr_par' dir='ltr' id='par_1_5' title="bbox 367 981 567 1017">
     <span class='ocr_line' id='line_1_13' title="bbox 367 981 567 1017; baseline 0.005 -9"><span class='ocrx_word' id='word_1_38' title='bbox 367 981 567 1017; x_wconf 79' lang='lat' dir='ltr'><strong>Antiphonae.</strong></span> 
     </span>
    </p>
   </div>
   <div class='ocr_carea' id='block_1_6' title="bbox 187 1070 682 1160">
    <p class='ocr_par' dir='ltr' id='par_1_6' title="bbox 187 1070 682 1160">
     <span class='ocr_line' id='line_1_14' title="bbox 187 1070 679 1112; baseline -0.004 -8"><span class='ocrx_word' id='word_1_39' title='bbox 187 1072 218 1104; x_wconf 93' lang='lat'><strong>1.</strong></span> <span class='ocrx_word' id='word_1_40' title='bbox 244 1070 363 1102; x_wconf 89' lang='lat' dir='ltr'><strong>Sancta</strong></span> <span class='ocrx_word' id='word_1_41' title='bbox 390 1070 522 1102; x_wconf 86' lang='lat' dir='ltr'><strong>Martha</strong></span> <span class='ocrx_word' id='word_1_42' title='bbox 549 1071 679 1112; x_wconf 89' lang='lat' dir='ltr'><strong>egregia</strong></span> 
     </span>
     <span class='ocr_line' id='line_1_15' title="bbox 247 1118 682 1160; baseline 0.002 -9"><span class='ocrx_word' id='word_1_43' title='bbox 247 1119 356 1160; x_wconf 88' lang='lat' dir='ltr'><strong>Stirpe</strong></span> <span class='ocrx_word' id='word_1_44' title='bbox 385 1118 554 1150; x_wconf 85' lang='lat' dir='ltr'><strong>descendit</strong></span> <span class='ocrx_word' id='word_1_45' title='bbox 583 1120 682 1160; x_wconf 82' lang='lat' dir='ltr'><strong>regia.</strong></span> 
     </span>
    </p>
   </div>
   <div class='ocr_carea' id='block_1_7' title="bbox 187 1205 724 1344">
    <p class='ocr_par' dir='ltr' id='par_1_7' title="bbox 187 1205 724 1344">
     <span class='ocr_line' id='line_1_16' title="bbox 187 1205 678 1248; baseline -0.004 -7"><span class='ocrx_word' id='word_1_46' title='bbox 187 1209 219 1241; x_wconf 83' lang='lat'><strong>2.</strong></span> <span class='ocrx_word' id='word_1_47' title='bbox 246 1207 339 1239; x_wconf 85' lang='lat' dir='ltr'><strong>Fecit</strong></span> <span class='ocrx_word' id='word_1_48' title='bbox 364 1215 397 1237; x_wconf 86' lang='lat' dir='ltr'><strong>se</strong></span> <span class='ocrx_word' id='word_1_49' title='bbox 426 1205 514 1238; x_wconf 85' lang='lat' dir='ltr'><strong>foras</strong></span> <span class='ocrx_word' id='word_1_50' title='bbox 542 1206 678 1248; x_wconf 86' lang='lat' dir='ltr'><strong>deferri,</strong></span> 
     </span>
     <span class='ocr_line' id='line_1_17' title="bbox 252 1255 724 1295; baseline -0.002 -6"><span class='ocrx_word' id='word_1_51' title='bbox 252 1257 296 1290; x_wconf 91' lang='lat' dir='ltr'><strong>Ut</strong></span> <span class='ocrx_word' id='word_1_52' title='bbox 325 1255 446 1287; x_wconf 84' lang='lat' dir='ltr'><strong>caelum</strong></span> <span class='ocrx_word' id='word_1_53' title='bbox 475 1256 578 1295; x_wconf 86' lang='lat' dir='ltr'><strong>possit</strong></span> <span class='ocrx_word' id='word_1_54' title='bbox 605 1255 724 1288; x_wconf 87' lang='lat' dir='ltr'><strong>intueri</strong></span> 
     </span>
     <span class='ocr_line' id='line_1_18' title="bbox 294 1304 647 1344; baseline 0.003 -8"><span class='ocrx_word' id='word_1_55' title='bbox 294 1305 337 1336; x_wconf 83' lang='lat' dir='ltr'><strong>Et</strong></span> <span class='ocrx_word' id='word_1_56' title='bbox 365 1304 442 1344; x_wconf 92' lang='lat' dir='ltr'><strong>poni</strong></span> <span class='ocrx_word' id='word_1_57' title='bbox 469 1305 502 1335; x_wconf 94' lang='lat' dir='ltr'><strong>in</strong></span> <span class='ocrx_word' id='word_1_58' title='bbox 529 1304 647 1337; x_wconf 88' lang='lat' dir='ltr'><strong>cinere.</strong></span> 
     </span>
    </p>
   </div>
   <div class='ocr_carea' id='block_1_8' title="bbox 186 1390 749 1577">
    <p class='ocr_par' dir='ltr' id='par_1_8' title="bbox 186 1390 749 1577">
     <span class='ocr_line' id='line_1_19' title="bbox 186 1390 613 1430; baseline -0.007 -6"><span class='ocrx_word' id='word_1_59' title='bbox 186 1393 217 1425; x_wconf 84' lang='lat'><strong>3.</strong></span> <span class='ocrx_word' id='word_1_60' title='bbox 250 1392 360 1423; x_wconf 84' lang='lat' dir='ltr'><strong>Passio</strong></span> <span class='ocrx_word' id='word_1_61' title='bbox 388 1390 462 1422; x_wconf 88' lang='lat' dir='ltr'><strong>dum</strong></span> <span class='ocrx_word' id='word_1_62' title='bbox 492 1391 613 1430; x_wconf 88' lang='lat' dir='ltr'><strong>legitur</strong></span> 
     </span>
     <span class='ocr_line' id='line_1_20' title="bbox 295 1438 749 1478; baseline -0.004 -6"><span class='ocrx_word' id='word_1_63' title='bbox 295 1439 428 1478; x_wconf 83' lang='lat' dir='ltr'><strong>Christi,</strong></span> <span class='ocrx_word' id='word_1_64' title='bbox 456 1439 595 1470; x_wconf 85' lang='lat' dir='ltr'><strong>Martha</strong></span> <span class='ocrx_word' id='word_1_65' title='bbox 621 1438 749 1477; x_wconf 88' lang='lat' dir='ltr'><strong>transit,</strong></span> 
     </span>
     <span class='ocr_line' id='line_1_21' title="bbox 246 1487 667 1526; baseline -0.007 -5"><span class='ocrx_word' id='word_1_66' title='bbox 246 1488 290 1521; x_wconf 91' lang='lat' dir='ltr'><strong>Ut</strong></span> <span class='ocrx_word' id='word_1_67' title='bbox 317 1489 361 1520; x_wconf 76' lang='lat' dir='ltr'><strong>In</strong></span> <span class='ocrx_word' id='word_1_68' title='bbox 387 1496 510 1519; x_wconf 81' lang='lat' dir='ltr'><strong>manus</strong></span> <span class='ocrx_word' id='word_1_69' title='bbox 537 1487 667 1526; x_wconf 86' lang='lat' dir='ltr'><strong>dicitur,</strong></span> 
     </span>
     <span class='ocr_line' id='line_1_22' title="bbox 299 1535 603 1577; baseline -0.003 -8"><span class='ocrx_word' id='word_1_70' title='bbox 299 1535 456 1577; x_wconf 87' lang='lat' dir='ltr'><strong>Spiritum</strong></span> <span class='ocrx_word' id='word_1_71' title='bbox 486 1535 603 1568; x_wconf 85' lang='lat' dir='ltr'><strong>emisit.</strong></span> 
     </span>
    </p>
   </div>
   <div class='ocr_carea' id='block_1_9' title="bbox 363 1661 576 1696">
    <p class='ocr_par' dir='ltr' id='par_1_9' title="bbox 363 1661 576 1696">
     <span class='ocr_line' id='line_1_23' title="bbox 363 1661 576 1696; baseline 0 -9"><span class='ocrx_word' id='word_1_72' title='bbox 363 1661 576 1696; x_wconf 77' lang='lat' dir='ltr'><strong>Responsoria.</strong></span> 
     </span>
    </p>
   </div>
   <div class='ocr_carea' id='block_1_10' title="bbox 179 1740 747 2072">
    <p class='ocr_par' dir='ltr' id='par_1_10' title="bbox 179 1740 747 2072">
     <span class='ocr_line' id='line_1_24' title="bbox 195 1740 633 1781; baseline -0.002 -8"><span class='ocrx_word' id='word_1_73' title='bbox 195 1741 225 1773; x_wconf 92' lang='lat'><strong>1.</strong></span> <span class='ocrx_word' id='word_1_74' title='bbox 255 1742 350 1781; x_wconf 89' lang='lat' dir='ltr'><strong>Aqua</strong></span> <span class='ocrx_word' id='word_1_75' title='bbox 375 1744 489 1771; x_wconf 86' lang='lat' dir='ltr'><strong>sancta</strong></span> <span class='ocrx_word' id='word_1_76' title='bbox 514 1740 633 1772; x_wconf 89' lang='lat' dir='ltr'><strong>iacitur</strong></span> 
     </span>
     <span class='ocr_line' id='line_1_25' title="bbox 298 1788 710 1829; baseline -0.002 -7"><span class='ocrx_word' id='word_1_77' title='bbox 298 1790 351 1822; x_wconf 90' lang='lat' dir='ltr'><strong>Ad</strong></span> <span class='ocrx_word' id='word_1_78' title='bbox 381 1788 536 1820; x_wconf 87' lang='lat' dir='ltr'><strong>draconis</strong></span> <span class='ocrx_word' id='word_1_79' title='bbox 562 1793 710 1829; x_wconf 85' lang='lat' dir='ltr'><strong>mortem,</strong></span> 
     </span>
     <span class='ocr_line' id='line_1_26' title="bbox 247 1837 696 1879; baseline 0 -9"><span class='ocrx_word' id='word_1_80' title='bbox 247 1837 368 1870; x_wconf 78' lang='lat' dir='ltr'><strong>Christi</strong></span> <span class='ocrx_word' id='word_1_81' title='bbox 396 1846 475 1868; x_wconf 84' lang='lat' dir='ltr'><strong>crux</strong></span> <span class='ocrx_word' id='word_1_82' title='bbox 502 1838 696 1879; x_wconf 84' lang='lat' dir='ltr'><strong>ostenditur,</strong></span> 
     </span>
     <span class='ocr_line' id='line_1_27' title="bbox 299 1886 695 1927; baseline 0 -9"><span class='ocrx_word' id='word_1_83' title='bbox 299 1887 398 1927; x_wconf 85' lang='lat' dir='ltr'><strong>Quem</strong></span> <span class='ocrx_word' id='word_1_84' title='bbox 427 1886 504 1926; x_wconf 88' lang='lat' dir='ltr'><strong>ligat</strong></span> <span class='ocrx_word' id='word_1_85' title='bbox 531 1892 565 1917; x_wconf 91' lang='lat' dir='ltr'><strong>ut</strong></span> <span class='ocrx_word' id='word_1_86' title='bbox 592 1895 695 1926; x_wconf 73' lang='lat' dir='ltr'><strong>ovem,</strong></span> 
     </span>
     <span class='ocr_line' id='line_1_28' title="bbox 179 1934 568 1974; baseline -0.003 -8"><span class='ocrx_word' id='word_1_87' title='bbox 179 1934 218 1968; x_wconf 89' lang='lat' dir='ltr'><strong>V.</strong></span> <span class='ocrx_word' id='word_1_88' title='bbox 246 1934 307 1967; x_wconf 90' lang='lat' dir='ltr'><strong>Dei</strong></span> <span class='ocrx_word' id='word_1_89' title='bbox 335 1934 419 1967; x_wconf 87' lang='lat' dir='ltr'><strong>freta</strong></span> <span class='ocrx_word' id='word_1_90' title='bbox 445 1935 568 1974; x_wconf 86' lang='lat' dir='ltr'><strong>pietate</strong></span> 
     </span>
     <span class='ocr_line' id='line_1_29' title="bbox 247 1983 637 2024; baseline -0.003 -9"><span class='ocrx_word' id='word_1_91' title='bbox 247 1983 436 2024; x_wconf 88' lang='lat' dir='ltr'><strong>Populoque</strong></span> <span class='ocrx_word' id='word_1_92' title='bbox 464 1984 637 2015; x_wconf 84' lang='lat' dir='ltr'><strong>comitante</strong></span> 
     </span>
     <span class='ocr_line' id='line_1_30' title="bbox 298 2032 747 2072; baseline 0 -8"><span class='ocrx_word' id='word_1_93' title='bbox 298 2033 351 2065; x_wconf 89' lang='lat' dir='ltr'><strong>Ad</strong></span> <span class='ocrx_word' id='word_1_94' title='bbox 380 2032 554 2063; x_wconf 82' lang='lat' dir='ltr'><strong>draconem</strong></span> <span class='ocrx_word' id='word_1_95' title='bbox 580 2033 747 2072; x_wconf 86' lang='lat' dir='ltr'><strong>properat.</strong></span> 
     </span>
    </p>
   </div>
   <div class='ocr_carea' id='block_1_11' title="bbox 183 2119 761 2356">
    <p class='ocr_par' dir='ltr' id='par_1_11' title="bbox 191 2119 683 2258">
     <span class='ocr_line' id='line_1_31' title="bbox 191 2119 683 2158; baseline -0.004 -5"><span class='ocrx_word' id='word_1_96' title='bbox 191 2122 223 2153; x_wconf 88' lang='lat'><strong>2.</strong></span> <span class='ocrx_word' id='word_1_97' title='bbox 252 2121 344 2154; x_wconf 86' lang='lat' dir='ltr'><strong>Fecit</strong></span> <span class='ocrx_word' id='word_1_98' title='bbox 372 2119 505 2151; x_wconf 88' lang='lat' dir='ltr'><strong>Martha</strong></span> <span class='ocrx_word' id='word_1_99' title='bbox 532 2123 683 2158; x_wconf 83' lang='lat' dir='ltr'><strong>statuam,</strong></span> 
     </span>
     <span class='ocr_line' id='line_1_32' title="bbox 252 2168 679 2202; baseline -0.005 0"><span class='ocrx_word' id='word_1_100' title='bbox 252 2170 407 2202; x_wconf 83' lang='lat' dir='ltr'><strong>Ornatam</strong></span> <span class='ocrx_word' id='word_1_101' title='bbox 435 2174 524 2199; x_wconf 69' lang='lat' dir='ltr'><strong>veste</strong></span> <span class='ocrx_word' id='word_1_102' title='bbox 551 2168 679 2200; x_wconf 86' lang='lat' dir='ltr'><strong>fimbria</strong></span> 
     </span>
     <span class='ocr_line' id='line_1_33' title="bbox 248 2216 677 2258; baseline -0.007 -7"><span class='ocrx_word' id='word_1_103' title='bbox 248 2218 303 2251; x_wconf 92' lang='lat' dir='ltr'><strong>Ad</strong></span> <span class='ocrx_word' id='word_1_104' title='bbox 330 2216 460 2250; x_wconf 91' lang='lat' dir='ltr'><strong>Domini</strong></span> <span class='ocrx_word' id='word_1_105' title='bbox 488 2217 677 2258; x_wconf 78' lang='lat' dir='ltr'><strong>imaginem3</strong></span> 
     </span>
    </p>

    <p class='ocr_par' dir='ltr' id='par_1_12' title="bbox 183 2265 761 2356">
     <span class='ocr_line' id='line_1_34' title="bbox 183 2265 761 2300; baseline -0.007 0"><span class='ocrx_word' id='word_1_106' title='bbox 183 2267 221 2300; x_wconf 80' lang='lat' dir='ltr'><strong>V.</strong></span> <span class='ocrx_word' id='word_1_107' title='bbox 249 2266 381 2300; x_wconf 85' lang='lat' dir='ltr'><strong>Herbae</strong></span> <span class='ocrx_word' id='word_1_108' title='bbox 408 2265 467 2297; x_wconf 87' lang='lat' dir='ltr'><strong>sub</strong></span> <span class='ocrx_word' id='word_1_109' title='bbox 494 2266 551 2298; x_wconf 90' lang='lat' dir='ltr'><strong>illa</strong></span> <span class='ocrx_word' id='word_1_110' title='bbox 578 2270 761 2298; x_wconf 87' lang='lat' dir='ltr'><strong>crescentes</strong></span> 
     </span>
     <span class='ocr_line' id='line_1_35' title="bbox 251 2314 743 2356; baseline -0.006 -7"><span class='ocrx_word' id='word_1_111' title='bbox 251 2317 360 2356; x_wconf 82' lang='lat' dir='ltr'><strong>Atque</strong></span> <span class='ocrx_word' id='word_1_112' title='bbox 386 2314 546 2346; x_wconf 81' lang='lat' dir='ltr'><strong>fimbriam</strong></span> <span class='ocrx_word' id='word_1_113' title='bbox 574 2319 743 2355; x_wconf 83' lang='lat' dir='ltr'><strong>tangentes</strong></span> 
     </span>
    </p>
   </div>
   <div class='ocr_carea' id='block_1_12' title="bbox 299 2363 774 2404">
    <p class='ocr_par' dir='ltr' id='par_1_13' title="bbox 299 2363 774 2404">
     <span class='ocr_line' id='line_1_36' title="bbox 299 2363 774 2404; baseline -0.004 -7"><span class='ocrx_word' id='word_1_114' title='bbox 299 2365 423 2397; x_wconf 86' lang='lat' dir='ltr'><strong>Multos</strong></span> <span class='ocrx_word' id='word_1_115' title='bbox 450 2368 565 2396; x_wconf 87' lang='lat' dir='ltr'><strong>sanant</strong></span> <span class='ocrx_word' id='word_1_116' title='bbox 592 2363 774 2404; x_wconf 87' lang='lat' dir='ltr'><strong>languidos.</strong></span> 
     </span>
    </p>
   </div>
   <div class='ocr_carea' id='block_1_13' title="bbox 186 2451 670 2542">
    <p class='ocr_par' dir='ltr' id='par_1_14' title="bbox 186 2451 670 2542">
     <span class='ocr_line' id='line_1_37' title="bbox 186 2451 670 2488; baseline -0.01 0"><span class='ocrx_word' id='word_1_117' title='bbox 186 2457 217 2488; x_wconf 77' lang='lat'><strong>3.</strong></span> <span class='ocrx_word' id='word_1_118' title='bbox 250 2454 342 2487; x_wconf 83' lang='lat' dir='ltr'><strong>Iesus</strong></span> <span class='ocrx_word' id='word_1_119' title='bbox 368 2451 522 2484; x_wconf 85' lang='lat' dir='ltr'><strong>Marthae</strong></span> <span class='ocrx_word' id='word_1_120' title='bbox 548 2451 670 2484; x_wconf 90' lang='lat' dir='ltr'><strong>obitum</strong></span> 
     </span>
     <span class='ocr_line' id='line_1_38' title="bbox 301 2500 586 2542; baseline -0.014 -6"><span class='ocrx_word' id='word_1_121' title='bbox 301 2502 431 2535; x_wconf 87' lang='lat' dir='ltr'><strong>Funere</strong></span> <span class='ocrx_word' id='word_1_122' title='bbox 453 2500 586 2542; x_wconf 76' lang='lat' dir='ltr'><strong>levavit,</strong></span> 
     </span>
    </p>
   </div>
   <div class='ocr_carea' id='block_1_14' title="bbox 947 269 1462 358">
    <p class='ocr_par' dir='ltr' id='par_1_15' title="bbox 947 269 1462 358">
     <span class='ocr_line' id='line_1_39' title="bbox 947 269 1462 314; baseline -0.012 -8"><span class='ocrx_word' id='word_1_123' title='bbox 947 274 1037 314; x_wconf 82' lang='lat' dir='ltr'><strong>Quae</strong></span> <span class='ocrx_word' id='word_1_124' title='bbox 1061 280 1123 314; x_wconf 88' lang='lat' dir='ltr'><strong>per</strong></span> <span class='ocrx_word' id='word_1_125' title='bbox 1151 279 1272 303; x_wconf 86' lang='lat' dir='ltr'><strong>annum</strong></span> <span class='ocrx_word' id='word_1_126' title='bbox 1296 269 1462 310; x_wconf 79' lang='lat' dir='ltr'><strong>integrum</strong></span> 
     </span>
     <span class='ocr_line' id='line_1_40' title="bbox 998 319 1306 358; baseline -0.019 -2"><span class='ocrx_word' id='word_1_127' title='bbox 998 321 1106 356; x_wconf 88' lang='lat' dir='ltr'><strong>Febre</strong></span> <span class='ocrx_word' id='word_1_128' title='bbox 1131 319 1306 358; x_wconf 88' lang='lat' dir='ltr'><strong>laboravit,</strong></span> 
     </span>
    </p>
   </div>
   <div class='ocr_carea' id='block_1_15' title="bbox 883 365 1449 406">
    <p class='ocr_par' dir='ltr' id='par_1_16' title="bbox 883 365 1449 406">
     <span class='ocr_line' id='line_1_41' title="bbox 883 365 1449 406; baseline -0.012 -2"><span class='ocrx_word' id='word_1_129' title='bbox 883 371 922 404; x_wconf 91' lang='lat' dir='ltr'><strong>V.</strong></span> <span class='ocrx_word' id='word_1_130' title='bbox 952 371 1088 404; x_wconf 84' lang='lat' dir='ltr'><strong>Laudes</strong></span> <span class='ocrx_word' id='word_1_131' title='bbox 1115 368 1246 401; x_wconf 87' lang='lat' dir='ltr'><strong>Christo</strong></span> <span class='ocrx_word' id='word_1_132' title='bbox 1271 365 1449 406; x_wconf 85' lang='lat' dir='ltr'><strong>referebat,</strong></span> 
     </span>
    </p>
   </div>
   <div class='ocr_carea' id='block_1_16' title="bbox 953 414 1451 506">
    <p class='ocr_par' dir='ltr' id='par_1_17' title="bbox 953 414 1451 506">
     <span class='ocr_line' id='line_1_42' title="bbox 953 414 1451 459; baseline -0.014 -7"><span class='ocrx_word' id='word_1_133' title='bbox 953 419 1081 452; x_wconf 89' lang='lat' dir='ltr'><strong>Febres</strong></span> <span class='ocrx_word' id='word_1_134' title='bbox 1107 426 1241 459; x_wconf 83' lang='lat' dir='ltr'><strong>magnas</strong></span> <span class='ocrx_word' id='word_1_135' title='bbox 1268 414 1451 448; x_wconf 88' lang='lat' dir='ltr'><strong>sustinebat</strong></span> 
     </span>
     <span class='ocr_line' id='line_1_43' title="bbox 998 464 1398 506; baseline -0.008 -5"><span class='ocrx_word' id='word_1_136' title='bbox 998 467 1106 501; x_wconf 90' lang='lat' dir='ltr'><strong>Corde</strong></span> <span class='ocrx_word' id='word_1_137' title='bbox 1132 474 1263 506; x_wconf 86' lang='lat' dir='ltr'><strong>semper</strong></span> <span class='ocrx_word' id='word_1_138' title='bbox 1290 464 1398 498; x_wconf 87' lang='lat' dir='ltr'><strong>hilari.</strong></span> 
     </span>
    </p>
   </div>
   <div class='ocr_carea' id='block_1_17' title="bbox 982 620 1367 654">
    <p class='ocr_par' dir='ltr' id='par_1_18' title="bbox 982 620 1367 654">
     <span class='ocr_line' id='line_1_44' title="bbox 982 620 1367 654; baseline -0.005 0"><span class='ocrx_word' id='word_1_139' title='bbox 982 623 1031 654; x_wconf 93' lang='lat' dir='ltr'><strong>In</strong></span> <span class='ocrx_word' id='word_1_140' title='bbox 1064 623 1096 654; x_wconf 86' lang='lat'><strong>3.</strong></span> <span class='ocrx_word' id='word_1_141' title='bbox 1131 620 1367 653; x_wconf 86' lang='lat' dir='ltr'><strong>Nocturno.</strong></span> 
     </span>
    </p>
   </div>
   <div class='ocr_carea' id='block_1_18' title="bbox 1073 708 1276 744">
    <p class='ocr_par' dir='ltr' id='par_1_19' title="bbox 1073 708 1276 744">
     <span class='ocr_line' id='line_1_45' title="bbox 1073 708 1276 744; baseline -0.005 -9"><span class='ocrx_word' id='word_1_142' title='bbox 1073 708 1276 744; x_wconf 85' lang='lat' dir='ltr'><strong>Antiphonae.</strong></span> 
     </span>
    </p>
   </div>
   <div class='ocr_carea' id='block_1_19' title="bbox 915 807 1334 845">
    <p class='ocr_par' dir='ltr' id='par_1_20' title="bbox 915 807 1334 845">
     <span class='ocr_line' id='line_1_46' title="bbox 915 807 1334 845; baseline -0.007 -5"><span class='ocrx_word' id='word_1_143' title='bbox 915 833 922 840; x_wconf 95' lang='lat'>.</span> <span class='ocrx_word' id='word_1_144' title='bbox 948 808 1055 840; x_wconf 88' lang='lat' dir='ltr'><strong>Adest</strong></span> <span class='ocrx_word' id='word_1_145' title='bbox 1083 807 1152 838; x_wconf 90' lang='lat' dir='ltr'><strong>dies</strong></span> <span class='ocrx_word' id='word_1_146' title='bbox 1177 807 1334 845; x_wconf 89' lang='lat' dir='ltr'><strong>laetitiae,</strong></span> 
     </span>
    </p>
   </div>
   <div class='ocr_carea' id='block_1_20' title="bbox 950 855 1401 944">
    <p class='ocr_par' dir='ltr' id='par_1_21' title="bbox 950 855 1401 944">
     <span class='ocr_line' id='line_1_47' title="bbox 951 855 1401 896; baseline -0.007 -7"><span class='ocrx_word' id='word_1_147' title='bbox 951 858 989 889; x_wconf 94' lang='lat' dir='ltr'><strong>In</strong></span> <span class='ocrx_word' id='word_1_148' title='bbox 1018 864 1081 896; x_wconf 83' lang='lat' dir='ltr'><strong>qua</strong></span> <span class='ocrx_word' id='word_1_149' title='bbox 1107 855 1242 887; x_wconf 83' lang='lat' dir='ltr'><strong>Martha</strong></span> <span class='ocrx_word' id='word_1_150' title='bbox 1268 855 1401 895; x_wconf 86' lang='lat' dir='ltr'><strong>egregia</strong></span> 
     </span>
     <span class='ocr_line' id='line_1_48' title="bbox 950 903 1380 944; baseline -0.002 -7"><span class='ocrx_word' id='word_1_151' title='bbox 950 905 1068 937; x_wconf 86' lang='lat' dir='ltr'><strong>Sedem</strong></span> <span class='ocrx_word' id='word_1_152' title='bbox 1095 903 1221 944; x_wconf 85' lang='lat' dir='ltr'><strong>recepit</strong></span> <span class='ocrx_word' id='word_1_153' title='bbox 1246 903 1380 944; x_wconf 87' lang='lat' dir='ltr'><strong>gloriae.</strong></span> 
     </span>
    </p>
   </div>
   <div class='ocr_carea' id='block_1_21' title="bbox 918 999 1411 1040">
    <p class='ocr_par' dir='ltr' id='par_1_22' title="bbox 918 999 1411 1040">
     <span class='ocr_line' id='line_1_49' title="bbox 918 999 1411 1040; baseline -0.004 -6"><span class='ocrx_word' id='word_1_154' title='bbox 918 1027 924 1034; x_wconf 92' lang='lat'>.</span> <span class='ocrx_word' id='word_1_155' title='bbox 953 1002 1057 1039; x_wconf 80' lang='lat' dir='ltr'><strong>lesus,</strong></span> <span class='ocrx_word' id='word_1_156' title='bbox 1083 999 1210 1031; x_wconf 85' lang='lat' dir='ltr'><strong>Fronto</strong></span> <span class='ocrx_word' id='word_1_157' title='bbox 1237 999 1411 1040; x_wconf 87' lang='lat' dir='ltr'><strong>episcopus</strong></span> 
     </span>
    </p>
   </div>
   <div class='ocr_carea' id='block_1_22' title="bbox 952 1048 1454 1136">
    <p class='ocr_par' dir='ltr' id='par_1_23' title="bbox 952 1048 1454 1136">
     <span class='ocr_line' id='line_1_50' title="bbox 953 1048 1454 1090; baseline -0.004 -8"><span class='ocrx_word' id='word_1_158' title='bbox 953 1050 1081 1089; x_wconf 85' lang='lat' dir='ltr'><strong>Corpus</strong></span> <span class='ocrx_word' id='word_1_159' title='bbox 1106 1048 1259 1080; x_wconf 87' lang='lat' dir='ltr'><strong>Marthae</strong></span> <span class='ocrx_word' id='word_1_160' title='bbox 1286 1049 1454 1090; x_wconf 87' lang='lat' dir='ltr'><strong>sepeliunt</strong></span> 
     </span>
     <span class='ocr_line' id='line_1_51' title="bbox 952 1095 1323 1136; baseline -0.003 -5"><span class='ocrx_word' id='word_1_161' title='bbox 952 1097 1168 1136; x_wconf 80' lang='lat' dir='ltr'><strong>officiumque</strong></span> <span class='ocrx_word' id='word_1_162' title='bbox 1197 1095 1323 1131; x_wconf 88' lang='lat' dir='ltr'><strong>finiunt.</strong></span> 
     </span>
    </p>
   </div>
   <div class='ocr_carea' id='block_1_23' title="bbox 918 1195 1424 1236">
    <p class='ocr_par' dir='ltr' id='par_1_24' title="bbox 918 1195 1424 1236">
     <span class='ocr_line' id='line_1_52' title="bbox 918 1195 1424 1236; baseline -0.002 -8"><span class='ocrx_word' id='word_1_163' title='bbox 918 1221 925 1228; x_wconf 96' lang='lat'>.</span> <span class='ocrx_word' id='word_1_164' title='bbox 954 1196 1083 1236; x_wconf 87' lang='lat' dir='ltr'><strong>Hospes</strong></span> <span class='ocrx_word' id='word_1_165' title='bbox 1109 1195 1164 1231; x_wconf 93' lang='lat' dir='ltr'><strong>mi,</strong></span> <span class='ocrx_word' id='word_1_166' title='bbox 1192 1195 1424 1235; x_wconf 87' lang='lat' dir='ltr'><strong>pauperculam</strong></span> 
     </span>
    </p>
   </div>
   <div class='ocr_carea' id='block_1_24' title="bbox 953 1244 1348 1380">
    <p class='ocr_par' dir='ltr' id='par_1_25' title="bbox 953 1244 1348 1380">
     <span class='ocr_line' id='line_1_53' title="bbox 1001 1244 1348 1283; baseline 0 -7"><span class='ocrx_word' id='word_1_167' title='bbox 1001 1244 1103 1276; x_wconf 89' lang='lat' dir='ltr'><strong>Tuam</strong></span> <span class='ocrx_word' id='word_1_168' title='bbox 1131 1252 1181 1274; x_wconf 89' lang='lat' dir='ltr'><strong>rne</strong></span> <span class='ocrx_word' id='word_1_169' title='bbox 1209 1244 1348 1283; x_wconf 83' lang='lat' dir='ltr'><strong>custodi,</strong></span> 
     </span>
     <span class='ocr_line' id='line_1_54' title="bbox 953 1292 1263 1332; baseline -0.013 -5"><span class='ocrx_word' id='word_1_170' title='bbox 953 1292 1095 1327; x_wconf 86' lang='lat' dir='ltr'><strong>Caelesti</strong></span> <span class='ocrx_word' id='word_1_171' title='bbox 1121 1292 1263 1332; x_wconf 90' lang='lat' dir='ltr'><strong>hospitio</strong></span> 
     </span>
     <span class='ocr_line' id='line_1_55' title="bbox 1002 1341 1275 1380; baseline -0.004 -6"><span class='ocrx_word' id='word_1_172' title='bbox 1002 1341 1122 1374; x_wconf 86' lang='lat' dir='ltr'><strong>Facias</strong></span> <span class='ocrx_word' id='word_1_173' title='bbox 1149 1341 1275 1380; x_wconf 88' lang='lat' dir='ltr'><strong>reponi.</strong></span> 
     </span>
    </p>
   </div>
   <div class='ocr_carea' id='block_1_25' title="bbox 1072 1456 1285 1489">
    <p class='ocr_par' dir='ltr' id='par_1_26' title="bbox 1072 1456 1285 1489">
     <span class='ocr_line' id='line_1_56' title="bbox 1072 1456 1285 1489; baseline -0.005 -6"><span class='ocrx_word' id='word_1_174' title='bbox 1072 1456 1285 1489; x_wconf 82' lang='lat' dir='ltr'><strong>Responsoria.</strong></span> 
     </span>
    </p>
   </div>
   <div class='ocr_carea' id='block_1_26' title="bbox 919 1524 1249 1559">
    <p class='ocr_par' dir='ltr' id='par_1_27' title="bbox 919 1524 1249 1559">
     <span class='ocr_line' id='line_1_57' title="bbox 919 1524 1249 1559; baseline -0.012 0"><span class='ocrx_word' id='word_1_175' title='bbox 919 1554 925 1559; x_wconf 96' lang='lat'>.</span> <span class='ocrx_word' id='word_1_176' title='bbox 953 1527 1041 1559; x_wconf 87' lang='lat' dir='ltr'><strong>Ante</strong></span> <span class='ocrx_word' id='word_1_177' title='bbox 1067 1525 1117 1557; x_wconf 88' lang='lat' dir='ltr'><strong>sui</strong></span> <span class='ocrx_word' id='word_1_178' title='bbox 1141 1524 1249 1556; x_wconf 86' lang='lat' dir='ltr'><strong>obitus</strong></span> 
     </span>
    </p>
   </div>
   <div class='ocr_carea' id='block_1_27' title="bbox 951 1573 1386 1709">
    <p class='ocr_par' dir='ltr' id='par_1_28' title="bbox 951 1573 1386 1709">
     <span class='ocr_line' id='line_1_58' title="bbox 951 1573 1353 1613; baseline -0.005 -7"><span class='ocrx_word' id='word_1_179' title='bbox 951 1575 1032 1607; x_wconf 90' lang='lat' dir='ltr'><strong>Octo</strong></span> <span class='ocrx_word' id='word_1_180' title='bbox 1059 1573 1184 1606; x_wconf 86' lang='lat' dir='ltr'><strong>dierum</strong></span> <span class='ocrx_word' id='word_1_181' title='bbox 1212 1574 1353 1613; x_wconf 84' lang='lat' dir='ltr'><strong>spatium</strong></span> 
     </span>
     <span class='ocr_line' id='line_1_59' title="bbox 952 1622 1368 1654; baseline -0.002 0"><span class='ocrx_word' id='word_1_182' title='bbox 952 1623 1051 1654; x_wconf 90' lang='lat' dir='ltr'><strong>Videt</strong></span> <span class='ocrx_word' id='word_1_183' title='bbox 1078 1622 1201 1653; x_wconf 89' lang='lat' dir='ltr'><strong>sororis</strong></span> <span class='ocrx_word' id='word_1_184' title='bbox 1228 1622 1368 1653; x_wconf 90' lang='lat' dir='ltr'><strong>animam</strong></span> 
     </span>
     <span class='ocr_line' id='line_1_60' title="bbox 951 1670 1386 1709; baseline -0.002 -6"><span class='ocrx_word' id='word_1_185' title='bbox 951 1671 1035 1703; x_wconf 88' lang='lat' dir='ltr'><strong>Duci</strong></span> <span class='ocrx_word' id='word_1_186' title='bbox 1062 1670 1105 1703; x_wconf 86' lang='lat' dir='ltr'><strong>ad</strong></span> <span class='ocrx_word' id='word_1_187' title='bbox 1133 1670 1215 1702; x_wconf 89' lang='lat' dir='ltr'><strong>caeli</strong></span> <span class='ocrx_word' id='word_1_188' title='bbox 1242 1671 1386 1709; x_wconf 83' lang='lat' dir='ltr'><strong>curiam;</strong></span> 
     </span>
    </p>
   </div>
   <div class='ocr_carea' id='block_1_28' title="bbox 902 1719 1450 1761">
    <p class='ocr_par' dir='ltr' id='par_1_29' title="bbox 902 1719 1450 1761">
     <span class='ocr_line' id='line_1_61' title="bbox 902 1719 1450 1761; baseline -0.004 -8"><span class='ocrx_word' id='word_1_189' title='bbox 902 1721 922 1753; x_wconf 57' lang='grc' dir='ltr'><strong>Υ.</strong></span> <span class='ocrx_word' id='word_1_190' title='bbox 950 1719 1071 1752; x_wconf 90' lang='lat' dir='ltr'><strong>Sonant</strong></span> <span class='ocrx_word' id='word_1_191' title='bbox 1100 1728 1195 1751; x_wconf 88' lang='lat' dir='ltr'><strong>voces</strong></span> <span class='ocrx_word' id='word_1_192' title='bbox 1222 1727 1450 1761; x_wconf 60' lang='lat' dir='ltr'><strong>pmamoenae,</strong></span> 
     </span>
    </p>
   </div>
   <div class='ocr_carea' id='block_1_29' title="bbox 953 1768 1385 1858">
    <p class='ocr_par' dir='ltr' id='par_1_30' title="bbox 953 1768 1385 1858">
     <span class='ocr_line' id='line_1_62' title="bbox 953 1768 1385 1810; baseline 0 -10"><span class='ocrx_word' id='word_1_193' title='bbox 953 1769 1137 1808; x_wconf 86' lang='lat' dir='ltr'><strong>Animaque</strong></span> <span class='ocrx_word' id='word_1_194' title='bbox 1164 1768 1385 1810; x_wconf 83' lang='lat' dir='ltr'><strong>Magdalenae</strong></span> 
     </span>
     <span class='ocr_line' id='line_1_63' title="bbox 1001 1816 1373 1858; baseline 0.003 -9"><span class='ocrx_word' id='word_1_195' title='bbox 1001 1817 1142 1850; x_wconf 84' lang='lat' dir='ltr'><strong>Ducitur</strong></span> <span class='ocrx_word' id='word_1_196' title='bbox 1167 1816 1208 1848; x_wconf 90' lang='lat' dir='ltr'><strong>ab</strong></span> <span class='ocrx_word' id='word_1_197' title='bbox 1235 1817 1373 1858; x_wconf 84' lang='lat' dir='ltr'><strong>angelis.</strong></span> 
     </span>
    </p>
   </div>
   <div class='ocr_carea' id='block_1_30' title="bbox 918 1914 1500 1955">
    <p class='ocr_par' dir='ltr' id='par_1_31' title="bbox 918 1914 1500 1955">
     <span class='ocr_line' id='line_1_64' title="bbox 918 1914 1500 1955; baseline -0.003 -7"><span class='ocrx_word' id='word_1_198' title='bbox 918 1941 925 1948; x_wconf 89' lang='lat'>.</span> <span class='ocrx_word' id='word_1_199' title='bbox 954 1915 1073 1948; x_wconf 84' lang='lat' dir='ltr'><strong>Sancta</strong></span> <span class='ocrx_word' id='word_1_200' title='bbox 1107 1914 1241 1946; x_wconf 88' lang='lat' dir='ltr'><strong>Martha</strong></span> <span class='ocrx_word' id='word_1_201' title='bbox 1274 1914 1500 1955; x_wconf 85' lang='lat' dir='ltr'><strong>praesentiens</strong></span> 
     </span>
    </p>
   </div>
   <div class='ocr_carea' id='block_1_31' title="bbox 953 1962 1375 2053">
    <p class='ocr_par' dir='ltr' id='par_1_32' title="bbox 953 1962 1375 2053">
     <span class='ocr_line' id='line_1_65' title="bbox 953 1962 1371 1997; baseline -0.002 -1"><span class='ocrx_word' id='word_1_202' title='bbox 953 1964 1052 1997; x_wconf 89' lang='lat' dir='ltr'><strong>Suum</strong></span> <span class='ocrx_word' id='word_1_203' title='bbox 1079 1962 1221 1994; x_wconf 85' lang='lat' dir='ltr'><strong>vicinum</strong></span> <span class='ocrx_word' id='word_1_204' title='bbox 1248 1965 1371 1996; x_wconf 82' lang='lat' dir='ltr'><strong>exitum</strong></span> 
     </span>
     <span class='ocr_line' id='line_1_66' title="bbox 1000 2011 1375 2053; baseline 0 -9"><span class='ocrx_word' id='word_1_205' title='bbox 1000 2011 1197 2044; x_wconf 83' lang='lat' dir='ltr'><strong>Astantibus</strong></span> <span class='ocrx_word' id='word_1_206' title='bbox 1223 2013 1375 2053; x_wconf 89' lang='lat' dir='ltr'><strong>innotuit,</strong></span> 
     </span>
    </p>
   </div>
   <div class='ocr_carea' id='block_1_32' title="bbox 917 2061 1348 2101">
    <p class='ocr_par' dir='ltr' id='par_1_33' title="bbox 917 2061 1348 2101">
     <span class='ocr_line' id='line_1_67' title="bbox 917 2061 1348 2101; baseline 0 -7"><span class='ocrx_word' id='word_1_207' title='bbox 917 2086 924 2094; x_wconf 92' lang='lat'>.</span> <span class='ocrx_word' id='word_1_208' title='bbox 952 2061 997 2094; x_wconf 91' lang='lat' dir='ltr'><strong>Ut</strong></span> <span class='ocrx_word' id='word_1_209' title='bbox 1023 2064 1147 2093; x_wconf 86' lang='lat' dir='ltr'><strong>attente</strong></span> <span class='ocrx_word' id='word_1_210' title='bbox 1175 2061 1348 2101; x_wconf 84' lang='lat' dir='ltr'><strong>vigilarent</strong></span> 
     </span>
    </p>
   </div>
   <div class='ocr_carea' id='block_1_33' title="bbox 955 2109 1394 2191">
    <p class='ocr_par' dir='ltr' id='par_1_34' title="bbox 955 2109 1394 2191">
     <span class='ocr_line' id='line_1_68' title="bbox 955 2109 1394 2149; baseline 0 -6"><span class='ocrx_word' id='word_1_211' title='bbox 955 2109 1152 2149; x_wconf 82' lang='lat' dir='ltr'><strong>Obitumque</strong></span> <span class='ocrx_word' id='word_1_212' title='bbox 1179 2110 1394 2143; x_wconf 89' lang='lat' dir='ltr'><strong>observarent</strong></span> 
     </span>
     <span class='ocr_line' id='line_1_69' title="bbox 1001 2159 1374 2191; baseline 0 0"><span class='ocrx_word' id='word_1_213' title='bbox 1001 2159 1159 2191; x_wconf 87' lang='lat' dir='ltr'><strong>Aceensis</strong></span> <span class='ocrx_word' id='word_1_214' title='bbox 1186 2159 1374 2191; x_wconf 89' lang='lat' dir='ltr'><strong>luminibus.</strong></span> 
     </span>
    </p>
   </div>
   <div class='ocr_carea' id='block_1_34' title="bbox 915 2257 1144 2296">
    <p class='ocr_par' dir='ltr' id='par_1_35' title="bbox 915 2257 1144 2296">
     <span class='ocr_line' id='line_1_70' title="bbox 915 2257 1144 2296; baseline -0.013 -7"><span class='ocrx_word' id='word_1_215' title='bbox 915 2281 923 2289; x_wconf 87' lang='lat'><strong>.</strong></span> <span class='ocrx_word' id='word_1_216' title='bbox 950 2257 1045 2296; x_wconf 88' lang='lat' dir='ltr'><strong>Veni,</strong></span> <span class='ocrx_word' id='word_1_217' title='bbox 1072 2263 1144 2287; x_wconf 89' lang='lat' dir='ltr'><strong>mea</strong></span> 
     </span>
    </p>
   </div>
   <div class='ocr_carea' id='block_1_35' title="bbox 951 2304 1376 2541">
    <p class='ocr_par' dir='ltr' id='par_1_36' title="bbox 951 2304 1291 2386">
     <span class='ocr_line' id='line_1_71' title="bbox 1001 2304 1291 2346; baseline 0 -9"><span class='ocrx_word' id='word_1_218' title='bbox 1001 2305 1123 2337; x_wconf 79' lang='lat' dir='ltr'><strong>dilecta</strong></span> <span class='ocrx_word' id='word_1_219' title='bbox 1149 2304 1291 2346; x_wconf 76' lang='lat' dir='ltr'><strong>hospita,</strong></span> 
     </span>
     <span class='ocr_line' id='line_1_72' title="bbox 951 2355 1140 2386; baseline -0.011 0"><span class='ocrx_word' id='word_1_220' title='bbox 951 2355 1043 2386; x_wconf 89' lang='lat' dir='ltr'><strong>Intra</strong></span> <span class='ocrx_word' id='word_1_221' title='bbox 1069 2361 1140 2385; x_wconf 87' lang='lat' dir='ltr'><strong>mea</strong></span> 
     </span>
    </p>

    <p class='ocr_par' dir='ltr' id='par_1_37' title="bbox 952 2403 1292 2492">
     <span class='ocr_line' id='line_1_73' title="bbox 1000 2403 1292 2443; baseline 0.003 -9"><span class='ocrx_word' id='word_1_222' title='bbox 1000 2411 1101 2443; x_wconf 90' lang='lat' dir='ltr'><strong>regna</strong></span> <span class='ocrx_word' id='word_1_223' title='bbox 1128 2403 1292 2443; x_wconf 85' lang='lat' dir='ltr'><strong>caelestia,</strong></span> 
     </span>
     <span class='ocr_line' id='line_1_74' title="bbox 952 2451 1167 2492; baseline -0.009 -7"><span class='ocrx_word' id='word_1_224' title='bbox 952 2451 999 2485; x_wconf 89' lang='lat' dir='ltr'><strong>Ut</strong></span> <span class='ocrx_word' id='word_1_225' title='bbox 1025 2451 1167 2492; x_wconf 85' lang='lat' dir='ltr'><strong>gaudeas</strong></span> 
     </span>
    </p>

    <p class='ocr_par' dir='ltr' id='par_1_38' title="bbox 1001 2503 1376 2541">
     <span class='ocr_line' id='line_1_75' title="bbox 1001 2503 1376 2541; baseline 0.013 -9"><span class='ocrx_word' id='word_1_226' title='bbox 1001 2509 1062 2541; x_wconf 91' lang='lat' dir='ltr'><strong>per</strong></span> <span class='ocrx_word' id='word_1_227' title='bbox 1089 2504 1206 2533; x_wconf 90' lang='lat' dir='ltr'><strong>cuncta</strong></span> <span class='ocrx_word' id='word_1_228' title='bbox 1233 2503 1376 2538; x_wconf 88' lang='lat' dir='ltr'><strong>saecula.</strong></span> 
     </span>
    </p>
   </div>
  </div>
 </body>
</html>
