1650 2727
258 241 405 274 Tandem
438 243 626 283 martyrium

309 299 468 332 peragens
479 291 560 332 petit
568 291 635 324 alta
642 291 800 333 polorum,

195 339 233 374 V.
261 339 330 380 Quo
357 340 467 373 divina
494 341 618 374 videns,

309 388 405 421 etiam
417 389 801 431 sinetemporegaudens‚

260 437 401 476 Christo,
429 438 479 470 cui
506 438 638 478 placuit.

308 487 458 527 precibus
472 496 529 518 nos
544 487 676 526 iungere
686 485 798 528 possit.

321 624 366 655 lu
405 623 639 656 Laudibus,

387 704 576 739 Antiphonae

198 785 229 817 1.
258 785 408 825 Regnans
436 793 507 816 cum
536 784 673 816 Domino

306 833 425 864 virtute
451 833 595 865 accincta
624 834 734 874 virago

259 882 338 914 Cum
366 892 462 922 grege
489 888 673 913 sanctorum

307 931 423 970 gaudet
460 930 530 961 sine
562 931 627 962 fine
661 930 796 962 dierum.

199 1024 229 1055 2.
257 1023 353 1055 Alma
381 1023 442 1054 Dei
470 1022 608 1055 iubilans

306 1076 335 1103 et
372 1071 591 1103 inenarrabile
628 1071 798 1113 plaudens,

257 1120 322 1152 Nos
350 1129 446 1159 prece
473 1120 568 1160 iunge
595 1119 654 1151 tibi

303 1178 362 1209 per
389 1178 508 1208 pascua
536 1173 566 1200 et
592 1169 675 1201 atria
695 1168 796 1209 regni.

197 1262 228 1294 3.
257 1261 493 1293 Omnicreatori

305 1309 489 1342 benedictio
508 1314 660 1349 personet
683 1311 798 1352 omnis,

256 1359 354 1398 Quem
386 1359 608 1399 superaxaltat

303 1412 486 1439 sanctorum
516 1408 622 1438 contio
649 1411 748 1439 casta.

195 1502 226 1532 4.
255 1499 280 1532 Ο
312 1508 416 1537 sacra,
448 1500 646 1531 laudandum

303 1548 440 1580 laudans
465 1547 629 1580 laudabile
655 1548 830 1590 Christum,

807 143 856 179 44

961 243 1029 276 Nos
1055 245 1162 286 ipsum
1187 247 1294 276 tecum

1009 291 1145 326 laudare
1158 301 1298 334 exposce
1307 300 1368 333 per
1376 299 1503 324 aevum.

1057 419 1101 446 Ad
1123 418 1311 447 Benedictus,

892 508 933 540 A.
962 507 1102 544 Christe,
1129 506 1218 539 salus
1244 509 1368 546 nostra,

1008 555 1067 587 tibi
1094 556 1164 588 laus
1191 559 1223 587 et
1249 555 1353 595 gloria
1373 556 1501 597 cuneta,

959 605 1019 644 Qui
1046 604 1139 636 nobis
1165 604 1273 636 oriens

1006 652 1062 685 lux
1086 658 1183 694 atque
1209 653 1393 693 redemptio
1410 660 1502 695 vera,

959 701 1029 734 Nos
1052 706 1163 734 tantae
1190 702 1304 734 matris

1007 749 1108 782 donas
1134 751 1317 791 praedivite
1344 749 1457 791 gleba;

960 798 1059 832 Cuius
1086 808 1144 831 nos
1171 799 1323 838 precibus

1007 847 1081 878 binc
1119 848 1274 880 abstrahe
1313 847 1426 880 mortis
1460 846 1501 879 ab

1208 896 1333 929 umbra.

990 1032 1037 1064 In
1073 1033 1105 1064 2.
1143 1032 1364 1072 vesperis.

1054 1119 1097 1145 Ad
1121 1118 1305 1154 Magnificat.

921 1234 928 1241 .
961 1209 1127 1240 Praeclari
1155 1209 1282 1248 generis

1006 1257 1178 1298 meritique
1205 1257 1330 1298 insigne
1358 1256 1447 1289 beati

957 1306 1054 1338 Berta
1081 1306 1282 1346 triumphato

1007 1352 1113 1386 fausto
1140 1355 1318 1387 certamine
1344 1353 1465 1387 mundo

958 1403 1077 1435 Libera
1103 1404 1265 1435 sidereum

1005 1452 1087 1493 petit
1115 1457 1145 1484 et
1172 1452 1315 1492 palmata
1341 1457 1499 1491 senatum,

956 1502 1024 1540 Quo
1051 1510 1108 1532 nos
1135 1500 1291 1532 virtutum

1005 1558 1172 1581 curramus
1199 1549 1299 1581 odore
1325 1558 1467 1582 suarum.

237 1654 342 1681 officia
366 1654 575 1684 Ss.Tresa111‚
595 1655 750 1682 (jumberti
772 1659 801 1682 et
815 1655 923 1682 Bertae
941 1656 1010 1689 imp.
1026 1655 1128 1682 Remis
1147 1653 1279 1682 1557.—
1294 1655 1334 1682 111
1358 1655 1382 1683 1.
1398 1657 1445 1683 Ve
1456 1665 1504 1693 sp.

158 1694 253 1728 Super
281 1693 329 1720 Ps.
358 1692 398 1727 A,
427 1691 444 1719 2
472 1693 578 1720 Bertae
609 1693 750 1721 colentes.
783 1708 818 1713 ——
858 1693 934 1721 Ibid.
970 1693 988 1721 5
1018 1695 1198 1729 praecelsae.
1230 1710 1266 1713 —
1303 1695 1344 1721 Iu
1381 1694 1394 1722 1
1423 1698 1459 1724 et
1485 1694 1503 1724 2

157 1734 260 1760 Noct.
288 1730 315 1760 B
346 1730 358 1758 1
387 1731 549 1767 prosaisch.
577 1746 614 1750 —-
644 1733 684 1759 In
706 1731 724 1759 2
745 1732 851 1761 Xoct.
875 1730 902 1760 R
926 1730 957 1760 2.
987 1731 1004 1760 6
1026 1733 1123 1760 Vallis
1145 1735 1245 1761 Aurea
1266 1746 1303 1756 ε
1329 1734 1502 1763 Mouastere

157 1771 197 1798 du
219 1771 275 1798 Val
298 1771 368 1798 d'Or
390 1769 553 1806 d'Avenay.
579 1785 612 1790 —
634 1772 673 1798 In

702 1771 729 1798 3.
757 1772 856 1799 Noc-t.
879 1769 908 1799 R
936 1771 954 1799 4
976 1772 1140 1808 prosaisch.
1171 1789 1206 1792 —
1236 1774 1278 1801 In
1306 1774 1418 1802 Laud.
1459 1775 1502 1803 Es

159 1810 275 1837 scheint
301 1813 366 1838 eine
391 1809 416 1838 A
438 1819 474 1837 zu
496 1810 595 1837 felilen
617 1810 675 1837 und
698 1819 775 1837 zwar
797 1810 846 1838 die
868 1819 933 1838 zum
956 1811 1065 1839 dritten
1092 1812 1224 1840 Psalme:
1254 1813 1375 1846 Deus,
1404 1814 1502 1842 Deus

157 1858 272 1880 meus,
297 1849 340 1876 ad
363 1854 396 1876 te
419 1850 459 1877 de
482 1849 564 1876 luce
586 1850 724 1884 vigilo.
745 1864 782 1870 —-
804 1850 983 1886 Hymnus:
1006 1851 1132 1878 Decus
1154 1851 1321 1879 futurum
1343 1853 1502 1889 gloriae.

627 2008 664 2039 17.
709 2009 751 2040 De
773 2011 885 2041 sancto
907 2008 1051 2040 caterve.

317 2119 377 2151 Ad
417 2119 637 2159 Vesperas.

377 2225 577 2262 Antiphonae.

197 2335 227 2369 1.
255 2335 353 2367 Miles
380 2335 413 2367 in
439 2335 561 2368 Christi
589 2336 677 2368 curia

304 2384 461 2417 Catervus
488 2384 650 2418 militavit.

252 2433 304 2466 Ex
331 2442 393 2473 qua
420 2443 535 2474 magna
562 2434 725 2476 stipendia

302 2482 356 2516 Ad
383 2491 453 2515 eum
481 2483 673 2523 reportavit.

897 2121 930 2153 2.
956 2120 1067 2152 Armis
1095 2130 1240 2162 pugnare
1269 2122 1385 2156 didicit

956 2169 1161 2202 Caelestibus
1187 2170 1220 2202 in
1247 2172 1384 2211 proelio.

956 2219 995 2251 In
1021 2227 1084 2258 quo
1106 2219 1305 2259 triumphum
1334 2221 1448 2254 habuit

955 2267 1035 2300 Cum
1062 2267 1221 2300 claritatis
1250 2268 1372 2305 bravio.

921 2361 928 2368 .
957 2335 1121 2369 Vexillum
1149 2335 1256 2369 defert
1282 2338 1454 2380 principis,

953 2385 1110 2418 Ornatum
1139 2385 1262 2420 Christi
1289 2389 1458 2429 sanguine,

954 2434 1018 2466 Per
1043 2435 1130 2474 quod
1157 2435 1313 2469 honorem
1338 2437 1455 2471 militis

955 2483 1106 2524 Adeptus
1133 2487 1182 2517 est
1210 2485 1377 2520 victoriae.
