1650 2727
684 102 927 138 ..32-

167 203 201 238 3.
226 202 369 244 Quorum
394 210 430 234 se
456 202 594 244 collegio

228 250 367 284 Securus
392 251 433 284 de
458 251 592 292 praevio

228 299 336 333 Sociat
363 300 559 336 Theodolus,

228 349 346 383 Poenis
372 349 602 383 invictissimis.

345 474 556 510 Respousoria.

168 555 201 589 1.
229 555 371 594 Quorum
398 554 587 585 meritorum

279 602 430 642 specialis
454 602 556 642 gratia

229 652 355 691 Corpus
382 658 610 691 oppressorum

275 700 379 732 Levat
406 700 446 731 de
472 698 614 740 angaria,

159 748 199 782 V.
225 749 299 781 Una
324 748 422 780 trium
449 747 562 779 horum

279 796 426 830 Celebris
451 795 616 828 memoria.

166 896 198 927 2.
226 894 270 925 Hi
302 897 369 925 tres
396 893 457 925 viri
485 893 640 924 trinitatis

229 942 404 983 Unitatem‚
433 941 611 974 maiestatis

277 990 472 1022 Praedicant
499 989 678 1030 imperium,

156 1040 196 1072 V.
223 1039 357 1071 Trinum
385 1043 504 1077 amant,

226 1087 332 1120 Unum
359 1088 499 1119 clamant

273 1136 416 1168 Auribus
442 1135 598 1168 fidelium.

293 1272 337 1304 In
368 1271 601 1304 Laudibus.

349 1338 548 1375 Antiphonae.

167 1408 197 1442 1.
227 1408 264 1440 In
290 1409 416 1440 camino
443 1408 589 1440 caritatis

272 1456 439 1497 Martyres
466 1455 596 1497 probati

227 1505 392 1538 Scandunt
431 1505 582 1537 thronum
609 1505 768 1538 claritatis

274 1554 381 1586 Lauro
409 1554 562 1588 coronati,

165 1631 197 1665 2.
224 1630 471 1671 Hymnizantes‚
498 1631 672 1664 jubilantes

273 1680 343 1712 Deo
368 1685 485 1712 canunt
513 1679 649 1720 dulcius,

224 1729 284 1769 Qui
311 1737 371 1768 per
397 1728 501 1762 Deum
529 1729 767 1769 triumphantes

273 1777 405 1810 Ludunt
429 1778 462 1809 in
489 1778 694 1813 caelestibus

206 1874 273 1900 Ant.
312 1883 363 1901 ms.
402 1874 690 1910 Schaffnaburgense
729 1877 798 1902 anni

128 1913 250 1949 burgen.
272 1912 299 1940 ὃ.
323 1928 359 1931 -

873 202 906 236 3.
932 200 971 233 In
997 199 1104 232 erucis
1130 196 1265 239 augaria

980 248 1039 281 Isti
1065 251 1133 281 tres
1158 245 1253 288 igniti

932 298 1045 330 Mente
1070 297 1113 329 ad
1141 293 1295 328 caelestia

981 346 1129 379 Oscitant
1154 345 1187 377 in
1213 342 1280 377 siti.

874 448 904 478 4.
932 444 975 476 Hi
1003 452 1072 476 cum
1103 441 1207 474 tribus
1233 439 1344 481 pueris

931 493 970 526 In
997 491 1121 524 camino
1145 489 1306 531 passionis

932 541 1123 574 Creatorem
1147 538 1288 571 omnium

933 589 1134 622 Benedicunt
1162 587 1347 620 Dominum.

873 671 904 702 5.
933 667 1019 700 Laus
1045 666 1203 698 immensa
1230 663 1312 704 Deo⁷

982 719 1167 748 sanctorum
1204 713 1303 755 digna
1329 716 1479 753 tropaeo,

931 765 1072 806 Quorum
1099 763 1291 803 martyrium

980 812 1136 853 sanguine
1161 811 1266 852 pingit
1294 810 1436 843 humum.

1026 926 1071 955 Ad
1095 926 1283 954 Benedictus.

860 998 900 1033 A.
930 997 1129 1030 Benedictus
1156 995 1326 1036 Dominus,

932 1046 992 1087 Qui
1018 1045 1148 1077 beatum
1174 1043 1400 1076 Alexandrum

981 1093 1156 1127 Coronavit
1182 1092 1292 1132 hodie,

932 1143 1105 1176 Eventium
1133 1145 1165 1172 et
1192 1140 1395 1173 Theodolum

934 1192 1046 1224 Simile
1074 1191 1115 1222 ob
1141 1189 1290 1222 meritum

983 1241 1059 1274 Pari
1085 1239 1191 1279 iungit
1216 1238 1351 1279 gloriae.

975 1389 1021 1420 In
1050 1389 1082 1420 2.
1110 1385 1338 1425 Vesperis.

1031 1453 1076 1481 Ad
1096 1452 1280 1488 Magnificat-

858 1535 899 1568 A.
928 1533 953 1566 O
982 1532 1103 1567 Christi
1130 1536 1304 1572 martyreS,

931 1581 1000 1614 Nos
1026 1582 1061 1614 in
1087 1582 1138 1613 via
1168 1579 1302 1620 fragiles

982 1631 1082 1663 Prece
1108 1633 1301 1669 sustentate,

932 1679 981 1712 Ne
1007 1679 1041 1711 in
1067 1677 1133 1711 fide
1161 1677 1286 1711 debiles

931 1728 1074 1761 Rnamus
1101 1728 1143 1760 ad
1170 1726 1296 1759 flebiles

979 1778 1105 1809 Poenae
1131 1782 1360 1818 praeparatae.

841 1873 926 1903 1536.
963 1873 1034 1902 Cod.
1070 1873 1148 1901 Bibl.
1188 1873 1286 1909 Capit.
1324 1872 1477 1901 schaffna-

515 2038 550 2069 ll.
592 2035 634 2069 De
657 2046 680 2069 s.
700 2037 840 2070 Amantio
862 2035 1084 2069 Lemovieensi.

274 2149 319 2181 In
349 2150 381 2182 1.
407 2150 628 2190 vesperis,

325 2216 370 2243 Ad
391 2216 575 2252 Magnificat.

154 2296 196 2330 A.
223 2295 413 2336 Magnificet
439 2296 576 2328 eeclesia

227 2345 370 2378 Amandi
396 2345 558 2387 prodigia,

229 2395 279 2427 De
305 2404 366 2436 quo
393 2394 475 2427 caeli
501 2394 592 2428 curia

231 2443 361 2476 Gaudet
388 2453 459 2476 cum
485 2443 620 2477 laetitia.

940 2149 969 2180 A
984 2149 1004 2181 d
1032 2149 1065 2181 1.
1092 2147 1371 2181 Nocturnum.

1056 2213 1258 2251 Antiphonae.

871 2295 905 2330 1.
932 2294 1054 2328 Beatus
1079 2294 1249 2326 Amandus
1275 2295 1309 2326 in
1335 2295 1398 2327 viis

929 2344 1144 2378 Peccator-um
1169 2352 1234 2375 non
1260 2342 1378 2387 adfuit,

932 2393 997 2428 Sed
1025 2393 1135 2425 vivere
1161 2392 1195 2424 in
1222 2400 1331 2425 eremo

932 2442 1032 2476 Secus
1058 2441 1237 2482 vigennam
1265 2441 1377 2475 voluit.
