1650 2727
699 152 741 157 —-
797 133 962 170 154—

961 233 1067 265 Adcst
1096 232 1192 264 lictor
1218 231 1428 263 vehementer

1010 281 1126 314 Potum
1155 280 1236 313 dans
1263 279 1366 313 exitii.

201 229 232 261 9.
261 225 390 264 Uersus
416 234 527 272 partes
554 242 610 264 rex
637 231 754 264 Ericus

307 278 460 312 Tendens
487 279 652 321 domicilii,

259 327 397 361 Sanctus
421 329 551 370 praesul
570 331 621 362 hic
640 329 802 363 Henricus

306 378 421 412 Comes
446 377 482 410 fit
509 381 626 413 exsilii.
878 379 933 412 11.
961 378 1110 411 Christus
1136 377 1230 410 nobis
1257 382 1384 419 patrem
1411 379 1495 419 oret,

1010 429 1127 461 Pacem
1154 436 1289 460 servans
1315 424 1450 468 patriae,

958 476 1081 509 Laudis
1107 476 1205 508 turba
1231 485 1326 517 quem
1355 475 1487 507 decoret

1007 526 1119 559 Firma
1147 524 1212 557 fide
1239 525 1339 558 varie.

174 476 229 508 10.
261 471 355 508 Subit
383 485 503 516 poenas
532 478 695 517 patienter

306 525 438 558 Palmas
464 534 524 566 per
549 526 709 568 martyrii,

505 623 561 655 R⁰
588 625 687 665 Ergo,
715 624 807 664 plebs
834 623 1024 663 Finnonica,

636 673 749 705 Gaude
777 674 817 706 de
843 673 904 704 hoc
931 672 1026 712 dono,

586 722 677 761 Quod
706 721 793 754 facta
818 731 852 753 es
880 721 1039 754 catholica

633 771 734 802 Verbi
762 770 823 802 Dei
849 779 938 802 sono.

238 865 310 892 Piae
349 867 511 893 eantiones
548 864 622 894 1582
657 867 705 893 fol.
741 867 766 892 N
802 864 820 893 2
855 875 871 892 a
906 875 949 901 sq.
979 864 1161 900 (Klemming
1194 864 1252 897 IV,
1287 863 1346 896 93.)
1377 879 1413 883 —
1443 864 1506 892 Das

156 903 359 932 Akrosticlnon
372 905 468 932 dieses
477 906 594 936 Liedvs,
608 906 707 940 Ragv
714 914 731 930 v
741 905 797 932 ald
806 914 822 931 u
832 914 854 938 s,
867 905 967 931 verriit
983 912 1047 936 uns,
1065 903 1131 930 dass
1143 904 1281 931 dasseffle
1295 903 1470 940 Ragvaldus
1482 905 1506 936 1,

157 943 284 970 Bischof
307 953 366 971 von
395 945 458 971 Abo
486 944 516 976 (†
543 943 641 976 1266),
670 944 741 970 oder
763 943 935 979 Ragvaldus
957 944 996 970 ΙΙ.
1017 943 1048 976 (†
1074 941 1159 977 1321)
1179 951 1246 970 zum
1269 943 1424 970 Verfasser
1444 941 1505 970 hat.

156 982 215 1009 Str.
248 981 280 1009 11
309 984 347 1010 ist
378 983 642 1017 augenscheinlich
674 982 893 1017 „verbessert;“
922 981 1172 1009 wahrscheinlich
1200 981 1276 1019 hiess
1305 991 1352 1009 es:
1380 981 1506 1009 Praesul

158 1021 230 1048 oder
251 1022 340 1049 Pater
362 1023 448 1049 nobis
471 1023 566 1049 Deum
591 1026 655 1049 oret
677 1026 740 1054 etc,
766 1030 852 1049 wenn
872 1021 955 1048 nieht
977 1021 1053 1049 noch
1075 1022 1195 1048 weitere
1216 1021 1419 1057 Anderungen
1439 1029 1507 1049 vor-

156 1069 332 1096 genommen
355 1061 487 1093 worden,
509 1061 587 1088 denn
609 1062 656 1088 die
679 1064 736 1088 Str.
760 1061 837 1088 sieht
859 1060 1065 1088 verballhornt
1086 1069 1185 1096 genug
1206 1068 1270 1087 aus.

570 1293 837 1338 Cantiones
869 1292 1094 1337 Moralem

524 1446 582 1479 186.
625 1448 667 1479 De
690 1447 847 1478 Parabola
872 1447 972 1478 Certae
995 1446 1135 1488 Regalis.

203 1540 232 1572 1.
261 1538 368 1571 Homo
394 1539 535 1579 quidam,
565 1549 621 1571 rex
648 1538 775 1581 nobilis,

306 1588 408 1620 Dives
434 1588 467 1618 in
497 1589 640 1629 caritate,

257 1637 376 1668 Cenam
404 1646 553 1677 magnam
577 1636 699 1668 divitiis

305 1684 348 1718 Et
374 1694 489 1726 magna
516 1685 667 1726 largitate

258 1734 350 1766 Fecit
379 1735 501 1766 vocatis
528 1735 676 1773 plurimis

306 1784 422 1816 Cordis
449 1783 625 1816 hilaritate.

899 1541 932 1571 4.
960 1538 1065 1578 Alter,
1089 1547 1183 1579 quem
1203 1548 1259 1571 rex
1278 1548 1337 1580 per
1355 1538 1507 1572 nuntium

1007 1588 1138 1628 Rogans
1163 1587 1256 1620 iussit
1283 1589 1409 1620 intrare

959 1636 1013 1668 Ad
1039 1637 1145 1668 locum
1173 1637 1405 1669 exsultantium

1008 1686 1051 1718 Et
1079 1685 1192 1725 epulas
1217 1690 1359 1727 gustare,

961 1734 1127 1776 spernens
1153 1735 1239 1774 regis
1267 1735 1439 1776 imperium

1009 1784 1063 1816 Sic
1090 1783 1197 1824 coepit
1225 1793 1400 1816 excusare:

196 1883 230 1915 2.
257 1881 399 1922 Tempus
426 1881 529 1922 adest,
557 1881 737 1913 convivium

310 1931 353 1964 Ut
381 1931 501 1962 intrent
528 1929 668 1969 invitati⁷

259 1979 381 2019 Regale
407 1978 596 2011 beneficium

307 2029 525 2061 Contemnunt
550 2028 607 2059 sed
639 2028 770 2069 ingrati,

256 2076 310 2109 Sic
342 2086 451 2109 verum
480 2078 622 2117 perdunt
648 2076 801 2117 gaudium

306 2126 483 2160 Mundanis
509 2125 679 2166 implicati.

201 2228 232 2260 3.
261 2225 364 2264 Unus,
397 2225 438 2257 ad
465 2233 558 2264 quem
586 2233 644 2256 rex
670 2224 802 2257 miserat

311 2275 409 2307 Suum
438 2273 537 2305 fidum
564 2274 716 2314 legatum,

259 2325 402 2358 Uxorem
429 2322 513 2364 quod
542 2323 736 2361 adduxerat,

301 2372 436 2406 Invenit
461 2375 666 2414 occupatum,

255 2423 376 2456 Venire
405 2430 465 2454 nec
495 2427 590 2462 aptus
619 2425 689 2453 erat

304 2472 357 2506 Ad
388 2471 507 2504 festum
537 2473 781 2512 praeparatum.

924 1908 931 1915 .
960 1881 1097 1914 Domum
1127 1881 1226 1914 altam
1254 1882 1436 1923 aedificem,

1007 1932 1042 1963 In
1071 1941 1133 1971 qua
1160 1932 1305 1971 gaudens
1331 1930 1481 1974 manebo,

960 1981 1108 2012 Alteram
1136 1984 1168 2011 et
1194 1979 1390 2020 amplificem

1011 2029 1052 2061 Et
1081 2029 1192 2068 plures
1218 2029 1408 2070 possidebo,

960 2077 994 2109 Si
1022 2087 1153 2119 venero,
1181 2078 1395 2118 multiplicem

1009 2126 1181 2159 Defectum
1208 2126 1285 2158 hinc
1310 2126 1451 2162 habebo.

928 2252 933 2257 .
961 2224 1031 2256 Rex
1059 2225 1100 2256 ad
1127 2223 1267 2256 amicum
1294 2227 1425 2258 tertium

1010 2273 1146 2306 Servum
1173 2274 1368 2308 velociorem

960 2322 1097 2354 Mittens
1124 2325 1227 2366 rogat,
1255 2330 1289 2356 ut
1316 2324 1440 2366 regium

1011 2371 1084 2404 Non
1112 2371 1243 2405 deserat
1269 2383 1423 2414 amorem,

965 2419 1030 2453 Sed
1058 2420 1287 2461 derelinquens
1313 2424 1413 2455 otium

1015 2470 1095 2503 Eius
1123 2477 1229 2503 servet
1257 2472 1422 2506 honorem.
