1650 2727
697 159 962 196 —138—

171 255 204 288 3.
231 254 295 286 Hic
322 254 441 288 damna
466 256 545 297 ligni
572 262 705 298 reparat

229 304 399 345 Surgendo
425 306 555 338 scandit

280 362 414 393 compar
439 355 527 395 patri
554 355 661 396 digno,

230 401 323 434 Viam
351 403 466 436 salutis
493 408 671 444 praeparat

230 450 342 483 Scelus
369 452 409 484 ob
435 456 580 484 nostrum

278 500 359 532 mori
387 501 499 534 volens
525 502 624 543 ligno.

231 548 282 580 Sis
309 548 402 582 nobis
429 550 505 589 dux,

230 597 343 630 Hostis
371 608 411 631 ne
437 602 512 630 trux

279 646 355 679 Orci
382 657 440 679 nos
466 647 577 688 iungat
605 654 738 687 poenae.

874 260 908 292 4.
935 259 982 292 Ut
1007 266 1110 298 agnus
1134 257 1246 290 insons
1271 255 1390 288 mutuit

933 306 1050 339 Coram
1076 307 1241 348 tondente,

983 354 1067 386 dixit
1092 354 1219 394 Esaias,

933 405 1019 435 Assa
1046 411 1121 435 caro
1148 401 1320 443 perduruit

934 452 973 484 In
1000 451 1088 491 ligno
1115 451 1220 483 crucis

983 499 1120 542 torrido,
1147 499 1287 531 Messias

936 548 990 581 Sic
1016 548 1106 579 iuvet
1130 557 1199 586 nos,

936 597 986 628 Ne
1013 597 1108 636 Dytis
1132 606 1168 628 os

985 645 1086 676 Voret
1113 645 1234 677 ardore
1261 644 1367 685 plene.

238 722 309 750 Piae
333 722 494 751 Cantiones
526 721 600 750 1582
621 723 671 750 fol.
693 722 717 750 G
744 722 754 749 l
781 732 806 749 a.
827 723 1011 758 (Klemming
1034 722 1078 755 ΙΙ,
1107 721 1144 749 70
1167 721 1334 748 irrttimlich
1357 721 1410 748 das
1432 721 1507 749 Lied

160 762 205 789 als
226 762 397 797 Hymnus
421 762 644 794 bezeichnend.)
663 762 730 797 Vgl.
755 762 840 788 Anal.
863 762 936 793 XX,
969 759 1032 793 104,
1058 770 1103 789 wo
1126 763 1175 789 ein
1195 761 1338 788 kurzerer
1358 760 1419 788 und
1440 759 1509 788 sehr

155 801 383 828 abweichender
404 803 479 829 Text
504 801 661 837 niitgeteilt
684 802 730 827 ist.

579 906 638 936 172.
685 904 718 935 ln
740 903 919 935 Nativitate
944 903 1078 935 Domini.

171 1036 202 1068 1.
231 1035 312 1067 Tres
339 1045 495 1075 personas
523 1035 704 1077 Trinitatis,

229 1083 335 1116 Unum
365 1094 434 1116 esse
463 1084 605 1125 deitatis,

277 1133 373 1164 Hunc
399 1133 502 1165 Deum
533 1132 728 1165 benedicite.

171 1212 202 1244 2.
229 1212 259 1243 A
286 1220 348 1251 quo
376 1211 557 1243 subsistunt
583 1212 701 1250 omnia,

230 1260 349 1292 Rerum
378 1261 473 1291 simul
501 1260 651 1298 essentia,

282 1309 377 1340 Hunc
404 1309 507 1341 Deum
535 1309 728 1343 benedicite.

172 1387 204 1421 3,
232 1385 336 1417 Deum
365 1392 528 1419 creantem
555 1387 661 1419 omnia

233 1435 465 1468 Universorum
494 1436 591 1475 entia,

280 1483 376 1516 Hunc
402 1485 505 1517 Deum
534 1484 728 1516 benedicite.

744 965 924 992 Benedicite.

899 1061 906 1068 .
935 1035 1016 1066 Tres
1043 1035 1076 1067 in
1104 1034 1247 1067 fornacis
1272 1036 1379 1068 medio

935 1084 1076 1117 Odizant
1103 1093 1174 1116 cum
1202 1085 1368 1126 tripudio:

984 1132 1081 1165 Hunc
1107 1133 1211 1166 Deum
1239 1133 1434 1167 benedicite.

899 1236 907 1243 .
936 1211 979 1242 Et
1007 1210 1170 1243 Christum
1199 1212 1259 1243 Dei
1286 1211 1386 1244 filium

939 1261 986 1291 Ac
1011 1264 1158 1292 sanctum
1186 1270 1313 1301 quoque
1340 1261 1492 1301 spiritum

989 1308 1166 1341 Cantantes
1196 1310 1391 1343 benedicite.

901 1414 906 1419 .
936 1386 978 1418 Et
1008 1395 1065 1417 nos
1091 1387 1124 1419 in
1152 1387 1212 1419 hoe
1240 1389 1388 1420 convivio

936 1435 1174 1468 Benedieamus
1201 1436 1341 1468 Domino

986 1483 1162 1517 Cantantes
1190 1485 1385 1520 benedicite.

523 1564 553 1596 7.
584 1562 753 1594 Laudetur
778 1566 894 1594 sancta
919 1562 1060 1597 trinitas,

586 1611 655 1643 Deo
683 1611 828 1642 dicamus
855 1610 977 1650 gratias

635 1659 810 1691 Cantantes
836 1659 1031 1693 benedicite.

239 1737 311 1763 Piae
335 1736 496 1763 Cantiones
524 1737 574 1763 fol.
603 1737 630 1763 H
655 1735 672 1763 5
695 1745 719 1763 a.
742 1736 925 1772 (Klemming
946 1737 990 1769 II7
1017 1735 1034 1764 *2
1056 1739 1100 1765 als
1125 1737 1353 1774 .Hymnus'”.)
1373 1754 1412 1758 ——
1435 1737 1466 1772 l,
1498 1737 1512 1766 1

159 1776 336 1804 Benedicite
358 1778 426 1803 tres.
448 1791 485 1794 —
508 1774 533 1802 2.
557 1776 574 1802 2
596 1775 685 1802 simul
709 1776 800 1802 entia.
821 1790 858 1794 —
880 1774 908 1808 3,
933 1775 945 1802 l
963 1776 1105 1805 Beneditc
1123 1779 1284 1805 Dominum
1301 1782 1461 1806 creantem.
1475 1793 1514 1798 —

159 1814 195 1847 4,
227 1814 239 1841 l
264 1816 314 1842 Sic
341 1817 400 1842 tres
422 1816 462 1842 in.
485 1831 518 1834 —
545 1815 607 1842 Das
630 1814 706 1841 Lied
729 1815 768 1841 ist
791 1815 839 1842 ein
862 1824 884 1842 s.
906 1824 933 1851 g.
957 1815 1139 1849 Benedicite,
1162 1818 1189 1844 d.
1211 1817 1239 1844 h.
1263 1819 1312 1845 ein
1333 1818 1515 1855 Tischgebet

160 1854 209 1881 fiir
231 1854 284 1880 das
307 1854 604 1889 genieinschaftliche
626 1853 906 1881 Weihnachtsmahl
925 1854 977 1882 der
1001 1855 1145 1884 clericuli.

596 1957 655 1989 173.
700 1959 741 1989 De
767 1959 917 1990 Passione
939 1959 1072 1990 Domini.

174 2030 204 2065 1.
239 2027 330 2063 Iesus
359 2030 487 2062 humani
515 2030 654 2071 generis,

239 2079 290 2111 Ex
317 2079 470 2110 membris
497 2084 592 2111 natus
619 2080 738 2111 teneris

285 2128 456 2169 virgineis,

235 2176 356 2208 Factus
385 2181 432 2208 est
460 2177 615 2217 salvati03

238 2225 363 2258 Psallat
390 2225 498 2257 fidelis
526 2226 642 2258 contio.

180 2306 214 2337 2.
243 2301 321 2338 Ovis
348 2304 466 2344 gaudet
494 2304 667 2344 deperdita

239 2353 282 2386 Et
308 2354 441 2386 sanitati
468 2353 609 2394 reddita,

285 2402 380 2434 Vitae
407 2403 494 2443 data,

238 2451 357 2492 Spreta
385 2453 415 2483 vi
441 2451 617 2492 pythonica

238 2500 389 2543 Exsulta,
418 2501 511 2542 plebs
538 2500 709 2533 catholica.

881 2034 913 2065 3.
942 2029 1080 2065 Humum
1108 2034 1268 2074 appendit
1295 2035 1462 2076 caelicum,

940 2081 1002 2121 Qui
1029 2080 1169 2114 fructum
1198 2083 1273 2114 tulit
1300 2083 1438 2124 deicum,

990 2130 1213 2171 Magnificum,

942 2178 1084 2210 Vincens
1110 2178 1232 2210 inferni
1257 2181 1450 2223 principem,

942 2226 1093 2259 Pendens
1120 2228 1162 2259 ad
1190 2228 1295 2260 crucis
1321 2230 1479 2271 stipitem.

881 2305 913 2337 4.
941 2300 1085 2344 Aspexit
1110 2314 1169 2337 nos
1195 2306 1321 2346 sophia,

944 2352 1104 2385 Exclusos
1128 2353 1303 2390 ierarchia,

990 2401 1107 2434 Mundi
1134 2403 1197 2443 via,

942 2449 1063 2482 Emisit
1090 2451 1183 2483 nobis
1206 2451 1318 2495 filium,

946 2498 1134 2532 Laudemus
1164 2501 1245 2532 caeli
1272 2503 1388 2538 lilium.
