1650 2727
706 167 944 203 -61-

578 320 628 352 24.
676 321 719 352 De
740 322 850 352 saneto
871 320 1071 361 Eunuphrio.

288 432 332 464 In
361 433 393 465 1.
422 431 647 472 Vesperis.
1069 432 1281 465 Respousoria.

345 519 391 546 Ad
409 517 593 555 Magnificat.
892 522 922 554 1.
953 521 1013 552 Vir
1038 524 1170 552 sant-tus
1198 520 1239 551 ad
1268 520 1460 552 coenobium

1001 568 1180 601 Eunufrtus
1207 578 1279 600 cum
1306 574 1476 610 properat,

173 618 216 650 A.
243 618 396 650 Exsultet
423 617 505 649 caeli
532 618 622 650 curia
951 619 1095 659 Implens
1123 617 1244 651 Christi
1271 618 1440 650 consilium

294 666 487 699 Sanctorum
521 667 564 699 ad
592 667 789 699 consortium
998 667 1110 699 Virtus
1136 671 1275 699 aetutem
1303 672 1445 709 superat,

342 716 434 748 Novo
459 715 529 747 cive
555 716 726 755 translato,
951 717 1014 749 Per
1040 717 1165 757 gratiae
1192 716 1391 756 praesidium

247 764 457 806 Congaudeat
483 765 633 806 ecelesia,
1000 766 1105 797 Menti
1137 774 1251 796 sensus
1278 766 1494 807 obtemperat.

295 813 451 846 Nostrum
472 823 599 855 quoque
619 814 789 855 collegium
881 814 920 848 V.
950 814 1042 847 Luxu
1071 815 1196 847 calcato
1218 815 1316 846 noxio

344 861 505 896 Eunufrio
532 863 638 903 beato,
998 863 1068 895 Deo
1095 863 1206 896 firmus
1234 863 1392 901 inhaeret,

246 912 358 944 Omnis
385 911 509 946 Christi
535 913 653 944 militia
950 912 1061 945 Foedo
1089 922 1161 945 cum
1187 913 1238 944 sui
1264 913 1382 953 gaudio

294 961 409 994 Virum
433 961 547 993 laudet
574 961 791 994 humillimum
998 962 1155 994 Occasum
1183 962 1296 993 mundi
1323 968 1457 995 maeret.

342 1011 379 1042 In
408 1010 506 1042 caelis
533 1011 723 1043 exaltatum.

891 1061 923 1093 2.
952 1059 1052 1091 Novit
1079 1059 1194 1091 Heliae
1222 1060 1338 1091 merita

1000 1108 1171 1149 Scriptura
1200 1108 1363 1139 referente

284 1166 347 1198 Ad
381 1167 655 1199 Matutinum,
950 1157 993 1189 Et
1020 1158 1245 1197 praecursoris
1271 1158 1381 1189 inclita

999 1206 1089 1238 Duce
1117 1206 1248 1239 Christo
1277 1206 1420 1249 favente,

354 1264 574 1292 Invitatorium.
948 1254 1079 1287 Deserti
1110 1255 1195 1296 petit
1221 1255 1332 1288 abdita

998 1304 1117 1346 Spreta
1143 1304 1306 1337 mundana
1334 1310 1445 1347 gente3

242 1363 280 1395 111
306 1363 421 1394 militis
447 1362 626 1394 sollemniis
881 1353 918 1385 V.
950 1352 1143 1386 Subtractus
1170 1362 1189 1385 a
1217 1355 1379 1386 consortio

291 1412 361 1444 Rex
390 1420 500 1451 regum
528 1411 734 1444 collaudetur
997 1402 1112 1434 Mundi
1143 1402 1349 1443 decipientis,

241 1460 408 1500 Eunufrii,
439 1469 508 1491 cum
537 1460 665 1501 gaudiis
949 1451 1110 1492 Purgatus
1138 1461 1156 1482 a
1185 1453 1334 1492 COsststgiO

287 1510 332 1542 Et,
358 1510 441 1542 votis
468 1509 656 1544 honoretur.
997 1501 1114 1533 carnis
1139 1501 1325 1533 sslllCientlS.

887 1599 919 1631 3.
948 1599 1117 1639 Ingressus
1144 1598 1352 1630 solitudinem

1000 1648 1127 1680 Virtute
1154 1647 1338 1688 roboratur,

947 1697 1153 1737 Temptantis
1179 1697 1388 1730 altitudinem

996 1747 1117 1779 Contra
1144 1745 1242 1778 fidem
1269 1747 1424 1788 luctatur,

945 1795 1007 1827 Dei
1034 1795 1271 1828 beatitudinem

996 1845 1122 1877 Devote
1150 1846 1402 1886 contemplatur.

876 1895 916 1927 V.
945 1894 1030 1927 Solis
1057 1895 1176 1927 ardore
1203 1895 1386 1934 squalidum

995 1943 1129 1986 Ventus,
1157 1943 1262 1975 imber
1289 1943 1435 1984 infestat,

944 1993 1043 2027 Casto
1070 1994 1187 2025 timore
1214 1993 1392 2026 candidum

993 2042 1064 2074 Lux
1093 2044 1178 2075 vitae
1206 2042 1404 2077 manifestat.

281 1667 327 1699 In
357 1668 387 1702 1.
418 1666 653 1700 Nocturno.

368 1762 574 1800 Antiphonae.

177 1865 208 1898 1.
240 1863 285 1897 Ut
311 1863 411 1896 arbor
436 1863 528 1895 iuxta
554 1862 685 1895 fluvium

286 1914 402 1954 Aquae
430 1912 522 1945 vivae
549 1913 698 1953 plantata

234 1961 388 1996 Eunufrii
417 1962 473 1994 dat
502 1962 634 1994 nimium

283 2013 444 2046 Fructum
475 2012 540 2044 vita
568 2011 674 2045 beata.

174 2121 206 2154 2.
235 2120 333 2153 Casto
359 2121 475 2153 timore
500 2120 637 2160 pertulit

283 2169 430 2202 Imbutus
457 2169 677 2210 disciplinam,

231 2219 344 2261 Iugum
368 2218 496 2260 peccati
522 2219 669 2259 reppulit
983 2191 1028 2223 1¹¹
1057 2193 1090 2225 2·
1118 2190 1147 2223 N
1162 2200 1181 2222 ⁰
1193 2196 1263 2223 ctu
1275 2201 1291 2223 r
1302 2201 1320 2223 ῃ
1333 2202 1362 2224 ⁰·

280 2269 325 2302 Et
349 2268 472 2302 saeculi
499 2268 638 2301 ruinam.
1068 2277 1270 2313 Antiphonae.

171 2377 206 2411 3.
234 2377 323 2410 Voce
348 2377 468 2410 devota
494 2376 643 2408 clamitat
883 2377 914 2412 1.
943 2378 1058 2418 Quiete
1087 2377 1177 2419 pacis
1204 2378 1338 2409 intimae

281 2426 325 2459 Et
351 2425 511 2460 Dominus
539 2427 684 2466 exaudit,
993 2427 1125 2460 Christo
1152 2427 1357 2465 mirificatur,

231 2475 333 2517 Opem
363 2475 491 2510 devotis
517 2475 676 2517 impetrat.
941 2475 1078 2510 Electae
1105 2476 1196 2518 pacis
1223 2476 1345 2516 optime

279 2525 326 2559 Et
351 2525 483 2559 monitis
509 2525 698 2566 adplaudit.
991 2526 1070 2559 Cum
1099 2526 1215 2558 merito
1244 2526 1394 2558 laetatur.
