1650 2727
668 155 905 191 ...57-

133 253 175 288 V.
189 253 351 286 Mundum
379 262 450 286 cum
477 251 558 286 flore

240 301 352 334 divino
378 302 503 344 sprevit
530 310 650 334 amore.

141 391 174 424 2.
200 389 288 422 Etho
315 390 457 429 domum,
485 389 636 431 patriani,

255 438 411 471 mundum
419 447 491 471 eum
500 438 580 470 flore
588 437 776 479 relinquens

203 489 312 520 Verna
338 487 441 520 bonus
468 487 598 520 Domini

253 536 377 578 gremio
402 537 523 570 meruit
548 535 702 575 refoveri,

133 586 171 620 V.
201 587 326 620 Terrea
353 589 469 618 cuncta
495 590 605 617 terens

252 635 405 675 caeloque
416 639 569 676 potenter
577 635 763 666 inhaerens.

141 725 174 757 3.
202 724 323 757 Plenus
349 731 462 755 amore
486 723 541 763 pio

252 781 340 804 mare
355 771 485 804 transiit
497 780 536 804 ac
547 771 629 804 duce
638 771 771 804 Christo

135 919 176 954 V.
205 918 311 952 Solvit
336 919 526 959 apostolicis

254 967 376 1000 Romae
406 977 465 1001 sua
492 971 566 1000 vota
592 967 751 1008 tropaeis,

246 1095 291 1128 In
320 1097 352 1130 3.
381 1096 616 1128 Nocturno.

329 1162 530 1199 Autiphonae.

145 1244 176 1275 1.
207 1242 351 1275 Caelitus
379 1242 567 1284 implorant,

256 1291 767 1331 quibushaecmortaliacondant

205 1340 355 1373 Membra
381 1341 441 1372 sub
470 1341 632 1382 hospitiis,

253 1398 327 1422 ossa
353 1390 469 1429 quibus
493 1390 636 1424 tumulis,

143 1479 173 1511 2.
204 1478 364 1516 Christus,
393 1487 562 1511 servornm

253 1527 421 1567 miserens,
441 1527 496 1559 ubi
515 1527 620 1568 quivis
639 1536 750 1560 eorum

205 1577 258 1609 Ius
286 1581 419 1618 caperet
446 1577 544 1613 sedis.

251 1626 356 1658 innuit
383 1635 400 1658 a
427 1626 567 1666 superis,

136 1716 170 1747 23.
199 1713 296 1747 Sedit
321 1714 362 1747 ab
389 1714 439 1746 his
466 1724 548 1747 unus

252 1763 352 1805 Etim,
380 1773 443 1804 qua
466 1762 556 1796 fonte
583 1763 713 1796 refusus

201 1813 321 1845 Manat
347 1812 536 1846 Corbriolus

251 1862 386 1895 caelitus
415 1861 590 1897 exhibitus,

319 1961 534 1996 Responsoria.

143 2032 174 2064 1.
203 2030 290 2062 Etho
317 2030 418 2063 sacris
446 2031 599 2072 precibus

813 255 854 287 V.
881 252 991 286 Gallia
1017 252 1159 285 laetetur

933 305 965 333 et
992 304 1024 332 te
1050 306 1182 342 pastore
1210 306 1353 343 regatur.

825 382 857 414 3.
884 379 982 420 Etim,
1012 379 1142 412 divinae

933 438 994 469 per
1012 428 1119 460 saecla
1140 427 1231 460 ferax
1257 427 1449 465 medicinae,

884 478 988 511 Clade
1015 478 1083 517 piat
1110 477 1277 518 populum,

935 525 1026 567 fugat
1048 527 1149 566 impia
1175 527 1292 566 gentiS,
1324 525 1451 564 asylum

812 576 850 609 V.
880 575 1037 609 Subvenit
1065 575 1219 613 adflictis,

934 625 1061 657 miseris
1088 624 1213 657 solacia
1238 626 1397 664 praestat.

979 753 1023 784 In
1058 750 1290 784 Laudibus,

1034 829 1237 865 Antiphouae.

826 909 857 943 1.
886 909 982 942 Felix
1010 909 1190 947 confessor,

934 960 1041 991 trinae
1069 958 1201 991 deitatis
1229 963 1367 992 amator.

891 1008 994 1041 Audit
1023 1008 1063 1040 de
1090 1008 1188 1039 caelis

935 1057 1033 1089 semel
1053 1062 1082 1088 et
1102 1057 1149 1089 bis
1162 1065 1313 1089 acroama
1330 1057 1457 1090 salutis.

828 1137 860 1169 2.
890 1135 1017 1168 Mansio
1045 1135 1192 1175 signatur

936 1186 1087 1224 primum,
1108 1188 1181 1223 post
1201 1183 1313 1215 tumba
1330 1183 1460 1216 iubetur

885 1233 1014 1275 Quaeri,
1043 1238 1175 1272 tumque
1201 1232 1270 1264 dies

937 1283 1024 1314 vitae
1051 1286 1217 1322 postrema
1246 1286 1392 1314 vocatur.
1427 1287 1431 1290 '

827 1362 859 1394 3.
889 1361 1066 1393 Posthuma
1094 1358 1181 1391 facta
1209 1360 1313 1399 patris

937 1409 1047 1442 dando
1076 1408 1229 1450 suffragio
1256 1410 1367 1441 multis

886 1459 985 1491 Lucis
1011 1467 1083 1490 eum
1111 1459 1220 1489 sedem

935 1511 1098 1539 testantur
1126 1507 1246 1539 habere
1270 1516 1458 1548 perennem.

825 1588 858 1620 4.
882 1587 966 1618 Vota
993 1585 1176 1618 sacen-<lotis

935 1640 1111 1675 acceptans
1139 1643 1282 1668 carcere.
1313 1635 1429 1667 vinclis

885 1685 1045 1725 Ereptum
1074 1688 1201 1717 recreat

934 1734 1165 1774 spondensque
1180 1734 1327 1766 salubria
1341 1734 1460 1768 firmat.

825 1814 858 1846 5.
887 1814 997 1853 Aeger
1023 1812 1091 1844 abit
1119 1821 1228 1853 samm,

935 1870 1085 1894 maerens
1113 1862 1257 1894 solamen
1285 1863 1437 1905 adeptus,

887 1911 1004 1944 Nullus
1031 1911 1222 1951 inexpertus

937 1961 1019 2001 opis,
1032 1964 1080 1992 est
1093 1959 1344 2002 pateromnibus
1355 1965 1462 2002 aptus.

1010 2058 1055 2085 Ad
1082 2059 1271 2086 Benedictus.

251 2079 460 2121 lacrimisque
471 2080 673 2122 peramplius
684 2080 810 2113 instans

205 2129 316 2162 Mente
342 2130 452 2170 polum
479 2132 631 2171 penetrat

252 2178 359 2219 dignis
384 2178 538 2212 affatibus
564 2183 687 2220 astans,

131 2228 171 2262 V.
199 2228 327 2261 Extera
352 2233 578 2270 transgressus

248 2277 290 2310 ad
317 2277 506 2319 spiritualia
533 2281 658 2318 raptus.

143 2367 176 2401 2.
205 2366 356 2400 Summus
382 2375 478 2409 apex,
507 2366 586 2399 celsi

252 2415 326 2449 solii
353 2416 545 2449 moderator
571 2420 604 2448 et
630 2415 714 2460 aevi,

199 2465 355 2515 Orant‘em
384 2463 542 2498 famulum

246 2514 409 2549 recreavit
435 2518 623 2548 acroamate
651 2514 727 2547 tali:

842 2120 883 2152 A.
911 2119 1123 2152 Exsultemus
1150 2119 1249 2151 hodie

937 2168 1040 2201 Simul
1068 2173 1099 2201 et
1128 2173 1305 2207 cantemus,

887 2219 997 2252 Patris
1024 2218 1127 2250 nostri
1156 2217 1282 2258 gloriae

937 2268 995 2300 I'ia
1024 2272 1099 2299 vota
1126 2267 1251 2303 demus,

887 2316 948 2357 Qui
977 2317 1017 2349 de
1045 2316 1157 2349 mundi
1183 2317 1338 2357 voragine

937 2365 1096 2398 Feliciter
1123 2365 1315 2398 sublevatus

888 2415 1017 2448 Gaudet
1047 2412 1207 2459 cael[est]i
1235 2414 1360 2447 lumine

937 2464 1104 2497 Divinitus
1131 2465 1316 2496 illustratus

938 2513 1070 2547 Nullam
1096 2513 1214 2546 timens
1242 2513 1414 2546 iacturam.
