<?xml version="1.0" encoding="UTF-8"?>
<!DOCTYPE html PUBLIC "-//W3C//DTD XHTML 1.0 Transitional//EN"
    "http://www.w3.org/TR/xhtml1/DTD/xhtml1-transitional.dtd">
<html xmlns="http://www.w3.org/1999/xhtml" xml:lang="en" lang="en">
 <head>
  <title>
</title>
<meta http-equiv="Content-Type" content="text/html;charset=utf-8" />
  <meta name='ocr-system' content='tesseract 3.04.00' />
  <meta name='ocr-capabilities' content='ocr_page ocr_carea ocr_par ocr_line ocrx_word'/>
</head>
<body>
  <div class='ocr_page' id='page_1' title='image "./analectahymnica45drevuoft/analectahymnica45drevuoft_0055.png"; bbox 0 0 1650 2727; ppageno 0'>
   <div class='ocr_carea' id='block_1_1' title="bbox 733 168 965 206">
    <p class='ocr_par' dir='ltr' id='par_1_1' title="bbox 733 168 965 206">
     <span class='ocr_line' id='line_1_1' title="bbox 733 168 965 206; baseline 0 -11"><span class='ocrx_word' id='word_1_1' title='bbox 733 168 965 206; x_wconf 75' lang='grc'>..52-</span> 
     </span>
    </p>
   </div>
   <div class='ocr_carea' id='block_1_2' title="bbox 276 265 694 544">
    <p class='ocr_par' dir='ltr' id='par_1_2' title="bbox 276 265 478 299">
     <span class='ocr_line' id='line_1_2' title="bbox 276 265 478 299; baseline -0.005 0"><span class='ocrx_word' id='word_1_2' title='bbox 276 267 388 299; x_wconf 83' lang='lat' dir='ltr'>Sermo</span> <span class='ocrx_word' id='word_1_3' title='bbox 415 265 478 298; x_wconf 89' lang='lat' dir='ltr'>fine</span> 
     </span>
    </p>

    <p class='ocr_par' dir='ltr' id='par_1_3' title="bbox 276 315 615 398">
     <span class='ocr_line' id='line_1_3' title="bbox 327 315 615 354; baseline 0 -6"><span class='ocrx_word' id='word_1_4' title='bbox 327 316 433 354; x_wconf 87' lang='lat' dir='ltr'>datur,</span> <span class='ocrx_word' id='word_1_5' title='bbox 462 315 615 348; x_wconf 81' lang='lat' dir='ltr'>decollati</span> 
     </span>
     <span class='ocr_line' id='line_1_4' title="bbox 276 365 545 398; baseline -0.011 0"><span class='ocrx_word' id='word_1_6' title='bbox 276 365 444 398; x_wconf 87' lang='lat' dir='ltr'>Momento</span> <span class='ocrx_word' id='word_1_7' title='bbox 471 369 545 396; x_wconf 90' lang='lat' dir='ltr'>sunt</span> 
     </span>
    </p>

    <p class='ocr_par' dir='ltr' id='par_1_4' title="bbox 277 411 568 502">
     <span class='ocr_line' id='line_1_5' title="bbox 327 411 568 453; baseline -0.004 -8"><span class='ocrx_word' id='word_1_8' title='bbox 327 418 357 445; x_wconf 87' lang='lat' dir='ltr'>et</span> <span class='ocrx_word' id='word_1_9' title='bbox 385 411 568 453; x_wconf 81' lang='lat' dir='ltr'>glorificati,</span> 
     </span>
     <span class='ocr_line' id='line_1_6' title="bbox 277 462 493 502; baseline -0.009 -8"><span class='ocrx_word' id='word_1_10' title='bbox 277 462 380 495; x_wconf 83' lang='lat' dir='ltr'>Beata</span> <span class='ocrx_word' id='word_1_11' title='bbox 405 470 493 502; x_wconf 85' lang='lat' dir='ltr'>gens,</span> 
     </span>
    </p>

    <p class='ocr_par' dir='ltr' id='par_1_5' title="bbox 326 510 694 544">
     <span class='ocr_line' id='line_1_7' title="bbox 326 510 694 544; baseline 0.003 -1"><span class='ocrx_word' id='word_1_12' title='bbox 326 510 418 543; x_wconf 88' lang='lat' dir='ltr'>cuius</span> <span class='ocrx_word' id='word_1_13' title='bbox 445 515 491 542; x_wconf 88' lang='lat' dir='ltr'>est</span> <span class='ocrx_word' id='word_1_14' title='bbox 519 510 694 544; x_wconf 86' lang='lat' dir='ltr'>Dominus!</span> 
     </span>
    </p>
   </div>
   <div class='ocr_carea' id='block_1_3' title="bbox 215 597 713 978">
    <p class='ocr_par' dir='ltr' id='par_1_6' title="bbox 215 597 471 633">
     <span class='ocr_line' id='line_1_8' title="bbox 215 597 471 633; baseline -0.008 -2"><span class='ocrx_word' id='word_1_15' title='bbox 215 600 247 633; x_wconf 82' lang='lat'>2.</span> <span class='ocrx_word' id='word_1_16' title='bbox 275 599 356 632; x_wconf 87' lang='lat' dir='ltr'>Ossa</span> <span class='ocrx_word' id='word_1_17' title='bbox 383 597 471 629; x_wconf 89' lang='lat' dir='ltr'>Deus</span> 
     </span>
    </p>

    <p class='ocr_par' dir='ltr' id='par_1_7' title="bbox 278 647 618 728">
     <span class='ocr_line' id='line_1_9' title="bbox 327 647 618 688; baseline 0.003 -10"><span class='ocrx_word' id='word_1_18' title='bbox 327 647 467 679; x_wconf 83' lang='lat' dir='ltr'>custodit</span> <span class='ocrx_word' id='word_1_19' title='bbox 495 656 618 688; x_wconf 82' lang='lat' dir='ltr'>eorum,</span> 
     </span>
     <span class='ocr_line' id='line_1_10' title="bbox 278 695 598 728; baseline 0 0"><span class='ocrx_word' id='word_1_20' title='bbox 278 696 361 728; x_wconf 78' lang='lat' dir='ltr'>Nam</span> <span class='ocrx_word' id='word_1_21' title='bbox 388 695 430 727; x_wconf 88' lang='lat' dir='ltr'>ad</span> <span class='ocrx_word' id='word_1_22' title='bbox 457 705 598 728; x_wconf 88' lang='lat' dir='ltr'>mensam</span> 
     </span>
    </p>

    <p class='ocr_par' dir='ltr' id='par_1_8' title="bbox 278 746 627 825">
     <span class='ocr_line' id='line_1_11' title="bbox 325 746 627 777; baseline 0 -1"><span class='ocrx_word' id='word_1_23' title='bbox 325 748 474 776; x_wconf 85' lang='lat' dir='ltr'>matrona</span> <span class='ocrx_word' id='word_1_24' title='bbox 498 746 627 777; x_wconf 68' lang='lat' dir='ltr'>vocavit</span> 
     </span>
     <span class='ocr_line' id='line_1_12' title="bbox 278 793 466 825; baseline -0.005 0"><span class='ocrx_word' id='word_1_25' title='bbox 278 793 466 825; x_wconf 89' lang='lat' dir='ltr'>Perditores</span> 
     </span>
    </p>

    <p class='ocr_par' dir='ltr' id='par_1_9' title="bbox 274 846 713 922">
     <span class='ocr_line' id='line_1_13' title="bbox 327 846 713 882; baseline 0.005 -9"><span class='ocrx_word' id='word_1_26' title='bbox 327 851 498 882; x_wconf 90' lang='lat' dir='ltr'>corporum</span> <span class='ocrx_word' id='word_1_27' title='bbox 528 846 713 875; x_wconf 87' lang='lat' dir='ltr'>sanctorum</span> 
     </span>
     <span class='ocr_line' id='line_1_14' title="bbox 274 889 464 922; baseline -0.005 0"><span class='ocrx_word' id='word_1_28' title='bbox 274 891 317 922; x_wconf 89' lang='lat' dir='ltr'>Et</span> <span class='ocrx_word' id='word_1_29' title='bbox 345 889 464 922; x_wconf 86' lang='lat' dir='ltr'>furtive</span> 
     </span>
    </p>

    <p class='ocr_par' dir='ltr' id='par_1_10' title="bbox 325 939 618 978">
     <span class='ocr_line' id='line_1_15' title="bbox 325 939 618 978; baseline 0.003 -8"><span class='ocrx_word' id='word_1_30' title='bbox 325 947 462 978; x_wconf 84' lang='lat' dir='ltr'>corpora</span> <span class='ocrx_word' id='word_1_31' title='bbox 490 939 618 973; x_wconf 87' lang='lat' dir='ltr'>celavit.</span> 
     </span>
    </p>
   </div>
   <div class='ocr_carea' id='block_1_4' title="bbox 215 1025 708 1406">
    <p class='ocr_par' dir='ltr' id='par_1_11' title="bbox 215 1025 420 1059">
     <span class='ocr_line' id='line_1_16' title="bbox 215 1025 420 1059; baseline -0.015 0"><span class='ocrx_word' id='word_1_32' title='bbox 215 1027 246 1059; x_wconf 85' lang='lat'>3.</span> <span class='ocrx_word' id='word_1_33' title='bbox 277 1025 420 1058; x_wconf 88' lang='lat' dir='ltr'>Parisius</span> 
     </span>
    </p>

    <p class='ocr_par' dir='ltr' id='par_1_12' title="bbox 274 1074 708 1155">
     <span class='ocr_line' id='line_1_17' title="bbox 326 1074 708 1115; baseline 0 -9"><span class='ocrx_word' id='word_1_34' title='bbox 326 1075 400 1106; x_wconf 88' lang='lat' dir='ltr'>dnm</span> <span class='ocrx_word' id='word_1_35' title='bbox 428 1074 515 1106; x_wconf 88' lang='lat' dir='ltr'>unda</span> <span class='ocrx_word' id='word_1_36' title='bbox 542 1075 708 1115; x_wconf 81' lang='lat' dir='ltr'>sanguinis</span> 
     </span>
     <span class='ocr_line' id='line_1_18' title="bbox 274 1123 438 1155; baseline -0.006 -1"><span class='ocrx_word' id='word_1_37' title='bbox 274 1123 438 1155; x_wconf 88' lang='lat' dir='ltr'>Fidelium</span> 
     </span>
    </p>

    <p class='ocr_par' dir='ltr' id='par_1_13' title="bbox 274 1171 601 1260">
     <span class='ocr_line' id='line_1_19' title="bbox 324 1171 601 1203; baseline 0 0"><span class='ocrx_word' id='word_1_38' title='bbox 324 1172 389 1203; x_wconf 90' lang='lat' dir='ltr'>late</span> <span class='ocrx_word' id='word_1_39' title='bbox 417 1171 601 1203; x_wconf 88' lang='lat' dir='ltr'>circumiret</span> 
     </span>
     <span class='ocr_line' id='line_1_20' title="bbox 274 1221 524 1260; baseline -0.004 -8"><span class='ocrx_word' id='word_1_40' title='bbox 274 1221 524 1260; x_wconf 72' lang='lat' dir='ltr'>peremptorum</span> 
     </span>
    </p>

    <p class='ocr_par' dir='ltr' id='par_1_14' title="bbox 274 1267 672 1359">
     <span class='ocr_line' id='line_1_21' title="bbox 324 1267 672 1306; baseline 0 -6"><span class='ocrx_word' id='word_1_41' title='bbox 324 1267 383 1300; x_wconf 91' lang='lat' dir='ltr'>sub</span> <span class='ocrx_word' id='word_1_42' title='bbox 412 1269 496 1300; x_wconf 91' lang='lat' dir='ltr'>dono</span> <span class='ocrx_word' id='word_1_43' title='bbox 522 1267 672 1306; x_wconf 85' lang='lat' dir='ltr'>flaminis,</span> 
     </span>
     <span class='ocr_line' id='line_1_22' title="bbox 274 1317 502 1359; baseline 0 -11"><span class='ocrx_word' id='word_1_44' title='bbox 274 1317 394 1349; x_wconf 83' lang='lat' dir='ltr'>Nullus</span> <span class='ocrx_word' id='word_1_45' title='bbox 422 1323 502 1359; x_wconf 82' lang='lat' dir='ltr'>erat,</span> 
     </span>
    </p>

    <p class='ocr_par' dir='ltr' id='par_1_15' title="bbox 323 1365 671 1406">
     <span class='ocr_line' id='line_1_23' title="bbox 323 1365 671 1406; baseline 0.003 -10"><span class='ocrx_word' id='word_1_46' title='bbox 323 1365 376 1406; x_wconf 91' lang='lat' dir='ltr'>qui</span> <span class='ocrx_word' id='word_1_47' title='bbox 403 1370 480 1397; x_wconf 92' lang='lat' dir='ltr'>tunc</span> <span class='ocrx_word' id='word_1_48' title='bbox 506 1366 671 1406; x_wconf 82' lang='lat' dir='ltr'>sepeliret,</span> 
     </span>
    </p>
   </div>
   <div class='ocr_carea' id='block_1_5' title="bbox 390 1471 601 1505">
    <p class='ocr_par' dir='ltr' id='par_1_16' title="bbox 390 1471 601 1505">
     <span class='ocr_line' id='line_1_24' title="bbox 390 1471 601 1505; baseline 0 -7"><span class='ocrx_word' id='word_1_49' title='bbox 390 1471 601 1505; x_wconf 79' lang='lat' dir='ltr'>Responsoria.</span> 
     </span>
    </p>
   </div>
   <div class='ocr_carea' id='block_1_6' title="bbox 199 1540 764 1962">
    <p class='ocr_par' dir='ltr' id='par_1_17' title="bbox 215 1540 764 1825">
     <span class='ocr_line' id='line_1_25' title="bbox 215 1540 764 1574; baseline 0.002 -2"><span class='ocrx_word' id='word_1_50' title='bbox 215 1540 245 1572; x_wconf 90' lang='grc'>1.</span> <span class='ocrx_word' id='word_1_51' title='bbox 275 1540 332 1572; x_wconf 80' lang='lat' dir='ltr'>Vir</span> <span class='ocrx_word' id='word_1_52' title='bbox 355 1544 486 1572; x_wconf 89' lang='lat' dir='ltr'>sanctus</span> <span class='ocrx_word' id='word_1_53' title='bbox 513 1540 609 1572; x_wconf 88' lang='lat' dir='ltr'>melle</span> <span class='ocrx_word' id='word_1_54' title='bbox 637 1541 764 1574; x_wconf 89' lang='lat' dir='ltr'>dulcior</span> 
     </span>
     <span class='ocr_line' id='line_1_26' title="bbox 276 1588 702 1631; baseline 0.005 -11"><span class='ocrx_word' id='word_1_55' title='bbox 276 1589 313 1620; x_wconf 91' lang='lat' dir='ltr'>In</span> <span class='ocrx_word' id='word_1_56' title='bbox 341 1588 504 1620; x_wconf 88' lang='lat' dir='ltr'>clibanum</span> <span class='ocrx_word' id='word_1_57' title='bbox 532 1589 702 1631; x_wconf 86' lang='lat' dir='ltr'>proicitur,</span> 
     </span>
     <span class='ocr_line' id='line_1_27' title="bbox 276 1637 757 1678; baseline 0.004 -9"><span class='ocrx_word' id='word_1_58' title='bbox 276 1637 339 1669; x_wconf 88' lang='lat' dir='ltr'>Sed</span> <span class='ocrx_word' id='word_1_59' title='bbox 368 1637 420 1668; x_wconf 88' lang='lat' dir='ltr'>hic</span> <span class='ocrx_word' id='word_1_60' title='bbox 446 1647 525 1669; x_wconf 88' lang='lat' dir='ltr'>auro</span> <span class='ocrx_word' id='word_1_61' title='bbox 551 1638 757 1678; x_wconf 83' lang='lat' dir='ltr'>splendidior</span> 
     </span>
     <span class='ocr_line' id='line_1_28' title="bbox 275 1686 663 1728; baseline 0 -10"><span class='ocrx_word' id='word_1_62' title='bbox 275 1687 305 1718; x_wconf 88' lang='lat' dir='ltr'>A</span> <span class='ocrx_word' id='word_1_63' title='bbox 332 1695 409 1725; x_wconf 85' lang='lat' dir='ltr'>rogo</span> <span class='ocrx_word' id='word_1_64' title='bbox 435 1690 511 1726; x_wconf 87' lang='lat' dir='ltr'>post</span> <span class='ocrx_word' id='word_1_65' title='bbox 535 1686 663 1728; x_wconf 88' lang='lat' dir='ltr'>eicitur,</span> 
     </span>
     <span class='ocr_line' id='line_1_29' title="bbox 275 1734 752 1778; baseline 0 -11"><span class='ocrx_word' id='word_1_66' title='bbox 275 1734 414 1767; x_wconf 89' lang='lat' dir='ltr'>Dicens:</span> <span class='ocrx_word' id='word_1_67' title='bbox 445 1734 578 1776; x_wconf 82' lang='lat' dir='ltr'>Christi,</span> <span class='ocrx_word' id='word_1_68' title='bbox 607 1734 652 1767; x_wconf 91' lang='lat' dir='ltr'>fili</span> <span class='ocrx_word' id='word_1_69' title='bbox 681 1735 752 1778; x_wconf 91' lang='lat' dir='ltr'>Dei,</span> 
     </span>
     <span class='ocr_line' id='line_1_30' title="bbox 274 1781 687 1825; baseline 0 -9"><span class='ocrx_word' id='word_1_70' title='bbox 274 1781 409 1825; x_wconf 76' lang='lat' dir='ltr'>Precor,</span> <span class='ocrx_word' id='word_1_71' title='bbox 437 1783 592 1815; x_wconf 90' lang='lat' dir='ltr'>miserere</span> <span class='ocrx_word' id='word_1_72' title='bbox 614 1784 687 1817; x_wconf 91' lang='lat' dir='ltr'>mei.</span> 
     </span>
    </p>

    <p class='ocr_par' dir='ltr' id='par_1_18' title="bbox 199 1828 740 1872">
     <span class='ocr_line' id='line_1_31' title="bbox 199 1828 740 1872; baseline 0.002 -8"><span class='ocrx_word' id='word_1_73' title='bbox 199 1828 244 1865; x_wconf 81' lang='lat' dir='ltr'>V.</span> <span class='ocrx_word' id='word_1_74' title='bbox 274 1833 353 1865; x_wconf 86' lang='lat' dir='ltr'>Post</span> <span class='ocrx_word' id='word_1_75' title='bbox 379 1841 397 1863; x_wconf 91' lang='lat' dir='ltr'>a</span> <span class='ocrx_word' id='word_1_76' title='bbox 422 1832 534 1872; x_wconf 91' lang='lat' dir='ltr'>pravis</span> <span class='ocrx_word' id='word_1_77' title='bbox 560 1833 740 1865; x_wconf 84' lang='lat' dir='ltr'>tortoribus</span> 
     </span>
    </p>

    <p class='ocr_par' dir='ltr' id='par_1_19' title="bbox 276 1880 746 1962">
     <span class='ocr_line' id='line_1_32' title="bbox 324 1880 746 1925; baseline 0.002 -12"><span class='ocrx_word' id='word_1_78' title='bbox 324 1880 509 1914; x_wconf 86' lang='lat' dir='ltr'>Patibulum</span> <span class='ocrx_word' id='word_1_79' title='bbox 536 1881 746 1925; x_wconf 84' lang='lat' dir='ltr'>adpenditur,</span> 
     </span>
     <span class='ocr_line' id='line_1_33' title="bbox 276 1929 647 1962; baseline 0.003 -1"><span class='ocrx_word' id='word_1_80' title='bbox 276 1929 340 1962; x_wconf 88' lang='lat' dir='ltr'>Sed</span> <span class='ocrx_word' id='word_1_81' title='bbox 367 1929 419 1960; x_wconf 91' lang='lat' dir='ltr'>hic</span> <span class='ocrx_word' id='word_1_82' title='bbox 446 1930 647 1962; x_wconf 88' lang='lat' dir='ltr'>orationibus</span> 
     </span>
    </p>
   </div>
   <div class='ocr_carea' id='block_1_7' title="bbox 323 1978 815 2018">
    <p class='ocr_par' dir='ltr' id='par_1_20' title="bbox 323 1978 815 2018">
     <span class='ocr_line' id='line_1_34' title="bbox 323 1978 815 2018; baseline 0.008 -8"><span class='ocrx_word' id='word_1_83' title='bbox 323 1978 458 2018; x_wconf 87' lang='lat' dir='ltr'>Semper</span> <span class='ocrx_word' id='word_1_84' title='bbox 495 1987 614 2010; x_wconf 86' lang='lat' dir='ltr'>vacans</span> <span class='ocrx_word' id='word_1_85' title='bbox 641 1979 815 2015; x_wconf 78' lang='lat' dir='ltr'>invenitur.</span> 
     </span>
    </p>
   </div>
   <div class='ocr_carea' id='block_1_8' title="bbox 216 2065 743 2352">
    <p class='ocr_par' dir='ltr' id='par_1_21' title="bbox 216 2065 743 2352">
     <span class='ocr_line' id='line_1_35' title="bbox 216 2065 742 2108; baseline 0 -9"><span class='ocrx_word' id='word_1_86' title='bbox 216 2066 248 2099; x_wconf 86' lang='lat'>2.</span> <span class='ocrx_word' id='word_1_87' title='bbox 277 2065 302 2098; x_wconf 97' lang='lat' dir='ltr'>O</span> <span class='ocrx_word' id='word_1_88' title='bbox 330 2065 514 2097; x_wconf 85' lang='lat' dir='ltr'>mirandum</span> <span class='ocrx_word' id='word_1_89' title='bbox 541 2068 742 2108; x_wconf 71' lang='lat' dir='ltr'>mysterium,</span> 
     </span>
     <span class='ocr_line' id='line_1_36' title="bbox 274 2113 624 2147; baseline 0 0"><span class='ocrx_word' id='word_1_90' title='bbox 274 2114 412 2147; x_wconf 77' lang='lat' dir='ltr'>earcere</span> <span class='ocrx_word' id='word_1_91' title='bbox 439 2113 624 2147; x_wconf 85' lang='lat' dir='ltr'>conficienti</span> 
     </span>
     <span class='ocr_line' id='line_1_37' title="bbox 273 2163 641 2202; baseline 0 -6"><span class='ocrx_word' id='word_1_92' title='bbox 273 2163 513 2202; x_wconf 77' lang='lat' dir='ltr'>omnipotentis</span> <span class='ocrx_word' id='word_1_93' title='bbox 540 2163 641 2196; x_wconf 83' lang='lat' dir='ltr'>filium</span> 
     </span>
     <span class='ocr_line' id='line_1_38' title="bbox 275 2211 653 2252; baseline 0.003 -8"><span class='ocrx_word' id='word_1_94' title='bbox 275 2211 439 2252; x_wconf 81' lang='lat' dir='ltr'>Apparuit</span> <span class='ocrx_word' id='word_1_95' title='bbox 459 2214 653 2245; x_wconf 85' lang='lat' dir='ltr'>sacramenti</span> 
     </span>
     <span class='ocr_line' id='line_1_39' title="bbox 277 2260 693 2294; baseline 0.002 -1"><span class='ocrx_word' id='word_1_96' title='bbox 277 2260 481 2293; x_wconf 87' lang='lat' dir='ltr'>Constitutor</span> <span class='ocrx_word' id='word_1_97' title='bbox 507 2261 693 2294; x_wconf 77' lang='lat' dir='ltr'>videntibus</span> 
     </span>
     <span class='ocr_line' id='line_1_40' title="bbox 277 2309 743 2352; baseline 0.002 -10"><span class='ocrx_word' id='word_1_98' title='bbox 277 2309 410 2342; x_wconf 85' lang='lat' dir='ltr'>Cunctis</span> <span class='ocrx_word' id='word_1_99' title='bbox 438 2309 490 2341; x_wconf 87' lang='lat' dir='ltr'>hic</span> <span class='ocrx_word' id='word_1_100' title='bbox 518 2311 743 2352; x_wconf 83' lang='lat' dir='ltr'>existentibus,</span> 
     </span>
    </p>
   </div>
   <div class='ocr_carea' id='block_1_9' title="bbox 273 2359 783 2399">
    <p class='ocr_par' dir='ltr' id='par_1_22' title="bbox 273 2359 783 2399">
     <span class='ocr_line' id='line_1_41' title="bbox 273 2359 783 2399; baseline 0.006 -9"><span class='ocrx_word' id='word_1_101' title='bbox 273 2359 373 2399; x_wconf 84' lang='lat' dir='ltr'>Quem</span> <span class='ocrx_word' id='word_1_102' title='bbox 401 2359 507 2399; x_wconf 81' lang='lat' dir='ltr'>angeli</span> <span class='ocrx_word' id='word_1_103' title='bbox 535 2360 783 2393; x_wconf 84' lang='lat' dir='ltr'>circumdabant</span> 
     </span>
    </p>
   </div>
   <div class='ocr_carea' id='block_1_10' title="bbox 274 2407 710 2448">
    <p class='ocr_par' dir='ltr' id='par_1_23' title="bbox 274 2407 710 2448">
     <span class='ocr_line' id='line_1_42' title="bbox 274 2407 710 2448; baseline 0.005 -8"><span class='ocrx_word' id='word_1_104' title='bbox 274 2407 493 2448; x_wconf 87' lang='lat' dir='ltr'>Melodiisque</span> <span class='ocrx_word' id='word_1_105' title='bbox 519 2408 710 2443; x_wconf 87' lang='lat' dir='ltr'>laudabant.</span> 
     </span>
    </p>
   </div>
   <div class='ocr_carea' id='block_1_11' title="bbox 198 2453 818 2551">
    <p class='ocr_par' dir='ltr' id='par_1_24' title="bbox 198 2453 818 2551">
     <span class='ocr_line' id='line_1_43' title="bbox 198 2453 818 2491; baseline 0 0"><span class='ocrx_word' id='word_1_106' title='bbox 198 2453 241 2491; x_wconf 81' lang='lat' dir='ltr'>V.</span> <span class='ocrx_word' id='word_1_107' title='bbox 270 2457 366 2490; x_wconf 90' lang='lat' dir='ltr'>Hunc</span> <span class='ocrx_word' id='word_1_108' title='bbox 378 2456 528 2489; x_wconf 88' lang='lat' dir='ltr'>Christus</span> <span class='ocrx_word' id='word_1_109' title='bbox 538 2462 685 2490; x_wconf 88' lang='lat' dir='ltr'>sanctum</span> <span class='ocrx_word' id='word_1_110' title='bbox 696 2458 818 2491; x_wconf 83' lang='lat' dir='ltr'>cibavit</span> 
     </span>
     <span class='ocr_line' id='line_1_44' title="bbox 321 2507 816 2551; baseline 0.004 -12"><span class='ocrx_word' id='word_1_111' title='bbox 321 2507 421 2549; x_wconf 87' lang='lat' dir='ltr'>Pane,</span> <span class='ocrx_word' id='word_1_112' title='bbox 443 2515 537 2547; x_wconf 91' lang='lat' dir='ltr'>quem</span> <span class='ocrx_word' id='word_1_113' title='bbox 557 2511 816 2551; x_wconf 83' lang='lat' dir='ltr'>consecraverat,</span> 
     </span>
    </p>
   </div>
   <div class='ocr_carea' id='block_1_12' title="bbox 900 2458 942 2490">
    <p class='ocr_par' dir='ltr' id='par_1_25' title="bbox 900 2458 942 2490">
     <span class='ocr_line' id='line_1_45' title="bbox 900 2458 942 2490; baseline 0 0"><span class='ocrx_word' id='word_1_114' title='bbox 900 2458 942 2490; x_wconf 87' lang='lat' dir='ltr'>A.</span> 
     </span>
    </p>
   </div>
   <div class='ocr_carea' id='block_1_13' title="bbox 979 266 1402 349">
    <p class='ocr_par' dir='ltr' id='par_1_26' title="bbox 979 266 1402 349">
     <span class='ocr_line' id='line_1_46' title="bbox 979 266 1401 308; baseline -0.007 -8"><span class='ocrx_word' id='word_1_115' title='bbox 979 267 1163 308; x_wconf 87' lang='lat' dir='ltr'>Divineque</span> <span class='ocrx_word' id='word_1_116' title='bbox 1190 266 1401 304; x_wconf 86' lang='lat' dir='ltr'>confortavit,</span> 
     </span>
     <span class='ocr_line' id='line_1_47' title="bbox 1029 315 1402 349; baseline -0.003 0"><span class='ocrx_word' id='word_1_117' title='bbox 1029 317 1131 349; x_wconf 81' lang='lat' dir='ltr'>Prout</span> <span class='ocrx_word' id='word_1_118' title='bbox 1156 317 1238 349; x_wconf 88' lang='lat' dir='ltr'>alias</span> <span class='ocrx_word' id='word_1_119' title='bbox 1266 315 1402 348; x_wconf 84' lang='lat' dir='ltr'>fecerat.</span> 
     </span>
    </p>
   </div>
   <div class='ocr_carea' id='block_1_14' title="bbox 976 394 1522 961">
    <p class='ocr_par' dir='ltr' id='par_1_27' title="bbox 976 394 1522 961">
     <span class='ocr_line' id='line_1_48' title="bbox 977 394 1331 435; baseline -0.003 -9"><span class='ocrx_word' id='word_1_120' title='bbox 977 394 1114 426; x_wconf 83' lang='lat' dir='ltr'>Inclitus</span> <span class='ocrx_word' id='word_1_121' title='bbox 1141 395 1331 435; x_wconf 48' lang='lat' dir='ltr'>Dionysius</span> 
     </span>
     <span class='ocr_line' id='line_1_49' title="bbox 977 442 1403 481; baseline -0.005 -7"><span class='ocrx_word' id='word_1_122' title='bbox 977 443 1113 475; x_wconf 90' lang='lat' dir='ltr'>Athleta</span> <span class='ocrx_word' id='word_1_123' title='bbox 1140 442 1234 475; x_wconf 87' lang='lat' dir='ltr'>fortis</span> <span class='ocrx_word' id='word_1_124' title='bbox 1261 449 1293 474; x_wconf 87' lang='lat' dir='ltr'>et</span> <span class='ocrx_word' id='word_1_125' title='bbox 1321 442 1403 481; x_wconf 83' lang='lat' dir='ltr'>pius,</span> 
     </span>
     <span class='ocr_line' id='line_1_50' title="bbox 978 491 1388 524; baseline -0.005 -1"><span class='ocrx_word' id='word_1_126' title='bbox 978 491 1064 523; x_wconf 91' lang='lat' dir='ltr'>Dum</span> <span class='ocrx_word' id='word_1_127' title='bbox 1091 501 1182 524; x_wconf 92' lang='lat' dir='ltr'>suam</span> <span class='ocrx_word' id='word_1_128' title='bbox 1209 492 1388 524; x_wconf 86' lang='lat' dir='ltr'>orationem</span> 
     </span>
     <span class='ocr_line' id='line_1_51' title="bbox 980 540 1354 581; baseline -0.005 -9"><span class='ocrx_word' id='word_1_129' title='bbox 980 540 1109 580; x_wconf 85' lang='lat' dir='ltr'>Peregit</span> <span class='ocrx_word' id='word_1_130' title='bbox 1136 540 1354 581; x_wconf 81' lang='lat' dir='ltr'>devotissime,</span> 
     </span>
     <span class='ocr_line' id='line_1_52' title="bbox 978 588 1383 629; baseline -0.005 -9"><span class='ocrx_word' id='word_1_131' title='bbox 978 588 1117 629; x_wconf 87' lang='lat' dir='ltr'>Recepit</span> <span class='ocrx_word' id='word_1_132' title='bbox 1143 590 1383 621; x_wconf 88' lang='lat' dir='ltr'>truncationem</span> 
     </span>
     <span class='ocr_line' id='line_1_53' title="bbox 976 638 1365 675; baseline -0.005 -6"><span class='ocrx_word' id='word_1_133' title='bbox 976 638 1006 669; x_wconf 88' lang='lat' dir='ltr'>A</span> <span class='ocrx_word' id='word_1_134' title='bbox 1033 638 1153 670; x_wconf 89' lang='lat' dir='ltr'>lanista</span> <span class='ocrx_word' id='word_1_135' title='bbox 1180 638 1365 675; x_wconf 86' lang='lat' dir='ltr'>durissime,</span> 
     </span>
     <span class='ocr_line' id='line_1_54' title="bbox 977 685 1427 718; baseline -0.002 -1"><span class='ocrx_word' id='word_1_136' title='bbox 977 686 1021 718; x_wconf 91' lang='lat' dir='ltr'>Et</span> <span class='ocrx_word' id='word_1_137' title='bbox 1047 687 1094 718; x_wconf 91' lang='lat' dir='ltr'>sic</span> <span class='ocrx_word' id='word_1_138' title='bbox 1119 686 1260 718; x_wconf 85' lang='lat' dir='ltr'>animam</span> <span class='ocrx_word' id='word_1_139' title='bbox 1287 685 1427 717; x_wconf 81' lang='lat' dir='ltr'>tradidit</span> 
     </span>
     <span class='ocr_line' id='line_1_55' title="bbox 977 733 1522 775; baseline -0.002 -9"><span class='ocrx_word' id='word_1_140' title='bbox 977 734 1119 773; x_wconf 86' lang='lat' dir='ltr'>Christo,</span> <span class='ocrx_word' id='word_1_141' title='bbox 1146 736 1201 775; x_wconf 90' lang='lat' dir='ltr'>qui</span> <span class='ocrx_word' id='word_1_142' title='bbox 1226 739 1342 767; x_wconf 87' lang='lat' dir='ltr'>cuncta</span> <span class='ocrx_word' id='word_1_143' title='bbox 1361 733 1522 772; x_wconf 88' lang='lat' dir='ltr'>condidit,</span> 
     </span>
     <span class='ocr_line' id='line_1_56' title="bbox 981 782 1339 816; baseline -0.006 -1"><span class='ocrx_word' id='word_1_144' title='bbox 981 782 1130 815; x_wconf 81' lang='lat' dir='ltr'>Cadaver</span> <span class='ocrx_word' id='word_1_145' title='bbox 1157 784 1221 816; x_wconf 90' lang='lat' dir='ltr'>duo</span> <span class='ocrx_word' id='word_1_146' title='bbox 1248 783 1339 815; x_wconf 88' lang='lat' dir='ltr'>milia.</span> 
     </span>
     <span class='ocr_line' id='line_1_57' title="bbox 1031 831 1468 872; baseline 0 -10"><span class='ocrx_word' id='word_1_147' title='bbox 1031 831 1126 863; x_wconf 78' lang='lat' dir='ltr'>Vexit</span> <span class='ocrx_word' id='word_1_148' title='bbox 1152 837 1250 872; x_wconf 87' lang='lat' dir='ltr'>caput</span> <span class='ocrx_word' id='word_1_149' title='bbox 1277 831 1468 863; x_wconf 82' lang='lat' dir='ltr'>canentibus</span> 
     </span>
     <span class='ocr_line' id='line_1_58' title="bbox 978 880 1388 920; baseline 0.007 -9"><span class='ocrx_word' id='word_1_150' title='bbox 978 880 1113 920; x_wconf 86' lang='lat' dir='ltr'>Angelis</span> <span class='ocrx_word' id='word_1_151' title='bbox 1141 880 1241 912; x_wconf 90' lang='lat' dir='ltr'>verba</span> <span class='ocrx_word' id='word_1_152' title='bbox 1269 880 1388 914; x_wconf 87' lang='lat' dir='ltr'>dulcia.</span> 
     </span>
     <span class='ocr_line' id='line_1_59' title="bbox 1027 928 1522 961; baseline 0 -1"><span class='ocrx_word' id='word_1_153' title='bbox 1027 928 1159 960; x_wconf 86' lang='lat' dir='ltr'>Cunctis</span> <span class='ocrx_word' id='word_1_154' title='bbox 1185 929 1290 961; x_wconf 88' lang='lat' dir='ltr'>turbis</span> <span class='ocrx_word' id='word_1_155' title='bbox 1317 928 1522 960; x_wconf 83' lang='lat' dir='ltr'>mirantibus.</span> 
     </span>
    </p>
   </div>
   <div class='ocr_carea' id='block_1_15' title="bbox 1044 1074 1358 1107">
    <p class='ocr_par' dir='ltr' id='par_1_28' title="bbox 1044 1074 1358 1107">
     <span class='ocr_line' id='line_1_60' title="bbox 1044 1074 1358 1107; baseline 0 -2"><span class='ocrx_word' id='word_1_156' title='bbox 1044 1074 1087 1105; x_wconf 92' lang='lat' dir='ltr'>In</span> <span class='ocrx_word' id='word_1_157' title='bbox 1123 1074 1358 1107; x_wconf 86' lang='lat' dir='ltr'>Laudibus.</span> 
     </span>
    </p>
   </div>
   <div class='ocr_carea' id='block_1_16' title="bbox 1099 1151 1301 1187">
    <p class='ocr_par' dir='ltr' id='par_1_29' title="bbox 1099 1151 1301 1187">
     <span class='ocr_line' id='line_1_61' title="bbox 1099 1151 1301 1187; baseline 0 -9"><span class='ocrx_word' id='word_1_158' title='bbox 1099 1152 1168 1178; x_wconf 80' lang='lat' dir='ltr'>Anti</span> <span class='ocrx_word' id='word_1_159' title='bbox 1175 1151 1301 1187; x_wconf 82' lang='lat' dir='ltr'>phonae.</span> 
     </span>
    </p>
   </div>
   <div class='ocr_carea' id='block_1_17' title="bbox 947 1239 1257 1272">
    <p class='ocr_par' dir='ltr' id='par_1_30' title="bbox 947 1239 1257 1272">
     <span class='ocr_line' id='line_1_62' title="bbox 947 1239 1257 1272; baseline -0.003 0"><span class='ocrx_word' id='word_1_160' title='bbox 947 1266 953 1272; x_wconf 95' lang='lat'>.</span> <span class='ocrx_word' id='word_1_161' title='bbox 982 1239 1134 1272; x_wconf 86' lang='lat' dir='ltr'>Paradisi</span> <span class='ocrx_word' id='word_1_162' title='bbox 1160 1240 1257 1271; x_wconf 86' lang='lat' dir='ltr'>ianua</span> 
     </span>
    </p>
   </div>
   <div class='ocr_carea' id='block_1_18' title="bbox 977 1288 1345 1418">
    <p class='ocr_par' dir='ltr' id='par_1_31' title="bbox 977 1288 1345 1418">
     <span class='ocr_line' id='line_1_63' title="bbox 1026 1288 1310 1329; baseline 0.007 -10"><span class='ocrx_word' id='word_1_163' title='bbox 1026 1288 1111 1328; x_wconf 89' lang='lat' dir='ltr'>Tibi,</span> <span class='ocrx_word' id='word_1_164' title='bbox 1140 1288 1310 1329; x_wconf 77' lang='lat' dir='ltr'>Dionysio,</span> 
     </span>
     <span class='ocr_line' id='line_1_64' title="bbox 1026 1337 1345 1369; baseline 0 -1"><span class='ocrx_word' id='word_1_165' title='bbox 1026 1337 1121 1368; x_wconf 89' lang='lat' dir='ltr'>Patet</span> <span class='ocrx_word' id='word_1_166' title='bbox 1148 1341 1179 1368; x_wconf 90' lang='lat' dir='ltr'>et</span> <span class='ocrx_word' id='word_1_167' title='bbox 1204 1337 1237 1369; x_wconf 91' lang='lat' dir='ltr'>in</span> <span class='ocrx_word' id='word_1_168' title='bbox 1264 1337 1345 1369; x_wconf 89' lang='lat' dir='ltr'>solio</span> 
     </span>
     <span class='ocr_line' id='line_1_65' title="bbox 977 1386 1312 1418; baseline 0.003 -1"><span class='ocrx_word' id='word_1_169' title='bbox 977 1386 1097 1417; x_wconf 88' lang='lat' dir='ltr'>Parata</span> <span class='ocrx_word' id='word_1_170' title='bbox 1123 1386 1220 1417; x_wconf 87' lang='lat' dir='ltr'>sedes</span> <span class='ocrx_word' id='word_1_171' title='bbox 1245 1391 1312 1418; x_wconf 81' lang='lat' dir='ltr'>tua.</span> 
     </span>
    </p>
   </div>
   <div class='ocr_carea' id='block_1_19' title="bbox 942 1462 1292 1505">
    <p class='ocr_par' dir='ltr' id='par_1_32' title="bbox 942 1462 1292 1505">
     <span class='ocr_line' id='line_1_66' title="bbox 942 1462 1292 1505; baseline 0.003 -11"><span class='ocrx_word' id='word_1_172' title='bbox 942 1487 949 1494; x_wconf 91' lang='lat'><em>.</em></span> <span class='ocrx_word' id='word_1_173' title='bbox 977 1462 1118 1494; x_wconf 91' lang='lat' dir='ltr'>Domino</span> <span class='ocrx_word' id='word_1_174' title='bbox 1144 1463 1292 1505; x_wconf 89' lang='lat' dir='ltr'>iubilate,</span> 
     </span>
    </p>
   </div>
   <div class='ocr_carea' id='block_1_20' title="bbox 975 1511 1504 1648">
    <p class='ocr_par' dir='ltr' id='par_1_33' title="bbox 975 1511 1504 1648">
     <span class='ocr_line' id='line_1_67' title="bbox 1024 1511 1504 1554; baseline 0.004 -12"><span class='ocrx_word' id='word_1_175' title='bbox 1024 1511 1107 1543; x_wconf 87' lang='lat' dir='ltr'>Nam</span> <span class='ocrx_word' id='word_1_176' title='bbox 1136 1512 1211 1543; x_wconf 84' lang='lat' dir='ltr'>dum</span> <span class='ocrx_word' id='word_1_177' title='bbox 1240 1511 1346 1544; x_wconf 82' lang='lat' dir='ltr'>credit</span> <span class='ocrx_word' id='word_1_178' title='bbox 1372 1511 1504 1554; x_wconf 82' lang='lat' dir='ltr'>Larcia,</span> 
     </span>
     <span class='ocr_line' id='line_1_68' title="bbox 1024 1560 1328 1602; baseline 0.007 -11"><span class='ocrx_word' id='word_1_179' title='bbox 1024 1560 1150 1600; x_wconf 84' lang='lat' dir='ltr'>Capitis</span> <span class='ocrx_word' id='word_1_180' title='bbox 1176 1560 1328 1602; x_wconf 87' lang='lat' dir='ltr'>prodigia</span> 
     </span>
     <span class='ocr_line' id='line_1_69' title="bbox 975 1607 1343 1648; baseline 0.008 -9"><span class='ocrx_word' id='word_1_181' title='bbox 975 1607 1128 1648; x_wconf 87' lang='lat' dir='ltr'>Sequitur</span> <span class='ocrx_word' id='word_1_182' title='bbox 1153 1608 1235 1640; x_wconf 86' lang='lat' dir='ltr'>fides</span> <span class='ocrx_word' id='word_1_183' title='bbox 1261 1614 1343 1642; x_wconf 86' lang='lat' dir='ltr'>rate.</span> 
     </span>
    </p>
   </div>
   <div class='ocr_carea' id='block_1_21' title="bbox 940 1686 1348 1719">
    <p class='ocr_par' dir='ltr' id='par_1_34' title="bbox 940 1686 1348 1719">
     <span class='ocr_line' id='line_1_70' title="bbox 940 1686 1348 1719; baseline 0 0"><span class='ocrx_word' id='word_1_184' title='bbox 940 1711 947 1719; x_wconf 95' lang='lat'>.</span> <span class='ocrx_word' id='word_1_185' title='bbox 976 1686 1045 1718; x_wconf 78' lang='lat' dir='ltr'>Rex</span> <span class='ocrx_word' id='word_1_186' title='bbox 1072 1695 1147 1718; x_wconf 73' lang='lat' dir='ltr'>vero</span> <span class='ocrx_word' id='word_1_187' title='bbox 1171 1687 1348 1719; x_wconf 86' lang='lat' dir='ltr'>laetabitur</span> 
     </span>
    </p>
   </div>
   <div class='ocr_carea' id='block_1_22' title="bbox 977 1735 1391 1873">
    <p class='ocr_par' dir='ltr' id='par_1_35' title="bbox 977 1735 1391 1873">
     <span class='ocr_line' id='line_1_71' title="bbox 1024 1735 1391 1776; baseline 0.005 -10"><span class='ocrx_word' id='word_1_188' title='bbox 1024 1735 1216 1767; x_wconf 85' lang='lat' dir='ltr'>Sanctorum</span> <span class='ocrx_word' id='word_1_189' title='bbox 1245 1736 1391 1776; x_wconf 85' lang='lat' dir='ltr'>basilica,</span> 
     </span>
     <span class='ocr_line' id='line_1_72' title="bbox 977 1783 1325 1817; baseline 0 -1"><span class='ocrx_word' id='word_1_190' title='bbox 977 1783 1041 1816; x_wconf 88' lang='lat' dir='ltr'>Ubi</span> <span class='ocrx_word' id='word_1_191' title='bbox 1068 1784 1170 1816; x_wconf 91' lang='lat' dir='ltr'>melos</span> <span class='ocrx_word' id='word_1_192' title='bbox 1197 1786 1325 1817; x_wconf 84' lang='lat' dir='ltr'>canitur</span> 
     </span>
     <span class='ocr_line' id='line_1_73' title="bbox 1023 1833 1376 1873; baseline 0.006 -9"><span class='ocrx_word' id='word_1_193' title='bbox 1023 1833 1053 1864; x_wconf 92' lang='lat' dir='ltr'>A</span> <span class='ocrx_word' id='word_1_194' title='bbox 1080 1833 1178 1873; x_wconf 90' lang='lat' dir='ltr'>plebe</span> <span class='ocrx_word' id='word_1_195' title='bbox 1204 1833 1376 1866; x_wconf 82' lang='lat' dir='ltr'>catholica.</span> 
     </span>
    </p>
   </div>
   <div class='ocr_carea' id='block_1_23' title="bbox 975 1910 1457 2099">
    <p class='ocr_par' dir='ltr' id='par_1_36' title="bbox 975 1910 1457 2099">
     <span class='ocr_line' id='line_1_74' title="bbox 976 1910 1340 1952; baseline 0.003 -10"><span class='ocrx_word' id='word_1_196' title='bbox 976 1910 1168 1943; x_wconf 89' lang='lat' dir='ltr'>Benedicite</span> <span class='ocrx_word' id='word_1_197' title='bbox 1197 1911 1340 1952; x_wconf 84' lang='lat' dir='ltr'>Chris10‚</span> 
     </span>
     <span class='ocr_line' id='line_1_75' title="bbox 1024 1959 1457 1999; baseline 0.005 -8"><span class='ocrx_word' id='word_1_198' title='bbox 1024 1959 1086 1999; x_wconf 87' lang='lat' dir='ltr'>Qui</span> <span class='ocrx_word' id='word_1_199' title='bbox 1114 1960 1242 1991; x_wconf 86' lang='lat' dir='ltr'>meritis</span> <span class='ocrx_word' id='word_1_200' title='bbox 1270 1964 1457 1993; x_wconf 86' lang='lat' dir='ltr'>sanctorum</span> 
     </span>
     <span class='ocr_line' id='line_1_76' title="bbox 975 2008 1334 2041; baseline 0.003 -1"><span class='ocrx_word' id='word_1_201' title='bbox 975 2008 1014 2040; x_wconf 89' lang='lat' dir='ltr'>In</span> <span class='ocrx_word' id='word_1_202' title='bbox 1042 2008 1121 2040; x_wconf 92' lang='lat' dir='ltr'>orbe</span> <span class='ocrx_word' id='word_1_203' title='bbox 1150 2014 1243 2041; x_wconf 88' lang='lat' dir='ltr'>sanat</span> <span class='ocrx_word' id='word_1_204' title='bbox 1270 2010 1334 2041; x_wconf 89' lang='lat' dir='ltr'>isto</span> 
     </span>
     <span class='ocr_line' id='line_1_77' title="bbox 1028 2056 1429 2099; baseline 0.002 -10"><span class='ocrx_word' id='word_1_205' title='bbox 1028 2056 1162 2097; x_wconf 89' lang='lat' dir='ltr'>Copiam</span> <span class='ocrx_word' id='word_1_206' title='bbox 1190 2058 1429 2099; x_wconf 84' lang='lat' dir='ltr'>languidorum.</span> 
     </span>
    </p>
   </div>
   <div class='ocr_carea' id='block_1_24' title="bbox 938 2135 1398 2178">
    <p class='ocr_par' dir='ltr' id='par_1_37' title="bbox 938 2135 1398 2178">
     <span class='ocr_line' id='line_1_78' title="bbox 938 2135 1398 2178; baseline 0 -10"><span class='ocrx_word' id='word_1_207' title='bbox 938 2159 946 2168; x_wconf 93' lang='lat'>.</span> <span class='ocrx_word' id='word_1_208' title='bbox 974 2135 1121 2167; x_wconf 88' lang='lat' dir='ltr'>Laudate</span> <span class='ocrx_word' id='word_1_209' title='bbox 1148 2135 1264 2178; x_wconf 87' lang='lat' dir='ltr'>Deum,</span> <span class='ocrx_word' id='word_1_210' title='bbox 1292 2144 1398 2176; x_wconf 90' lang='lat' dir='ltr'>senes,</span> 
     </span>
    </p>
   </div>
   <div class='ocr_carea' id='block_1_25' title="bbox 972 2184 1368 2322">
    <p class='ocr_par' dir='ltr' id='par_1_38' title="bbox 972 2184 1368 2322">
     <span class='ocr_line' id='line_1_79' title="bbox 976 2184 1353 2224; baseline 0.005 -9"><span class='ocrx_word' id='word_1_211' title='bbox 976 2184 1126 2224; x_wconf 85' lang='lat' dir='ltr'>Virgines</span> <span class='ocrx_word' id='word_1_212' title='bbox 1151 2189 1181 2216; x_wconf 92' lang='lat' dir='ltr'>et</span> <span class='ocrx_word' id='word_1_213' title='bbox 1208 2185 1353 2224; x_wconf 78' lang='lat' dir='ltr'>iuveneS‚</span> 
     </span>
     <span class='ocr_line' id='line_1_80' title="bbox 973 2232 1351 2274; baseline 0.003 -10"><span class='ocrx_word' id='word_1_214' title='bbox 973 2233 1034 2272; x_wconf 84' lang='lat' dir='ltr'>Qui</span> <span class='ocrx_word' id='word_1_215' title='bbox 1061 2232 1153 2274; x_wconf 78' lang='lat' dir='ltr'>fugat</span> <span class='ocrx_word' id='word_1_216' title='bbox 1180 2234 1351 2274; x_wconf 87' lang='lat' dir='ltr'>provincia</span> 
     </span>
     <span class='ocr_line' id='line_1_81' title="bbox 972 2281 1368 2322; baseline 0.005 -9"><span class='ocrx_word' id='word_1_217' title='bbox 972 2281 1156 2322; x_wconf 72' lang='lat' dir='ltr'>Martyrum</span> <span class='ocrx_word' id='word_1_218' title='bbox 1184 2282 1368 2316; x_wconf 88' lang='lat' dir='ltr'>daemonia.</span> 
     </span>
    </p>
   </div>
   <div class='ocr_carea' id='block_1_26' title="bbox 1069 2388 1326 2418">
    <p class='ocr_par' dir='ltr' id='par_1_39' title="bbox 1069 2388 1326 2418">
     <span class='ocr_line' id='line_1_82' title="bbox 1069 2388 1326 2418; baseline -0.004 -2"><span class='ocrx_word' id='word_1_219' title='bbox 1069 2388 1115 2416; x_wconf 84' lang='lat' dir='ltr'>Ad</span> <span class='ocrx_word' id='word_1_220' title='bbox 1136 2389 1326 2418; x_wconf 80' lang='lat' dir='ltr'>Benedictus.</span> 
     </span>
    </p>
   </div>
   <div class='ocr_carea' id='block_1_27' title="bbox 971 2458 1382 2550">
    <p class='ocr_par' dir='ltr' id='par_1_40' title="bbox 971 2458 1382 2550">
     <span class='ocr_line' id='line_1_83' title="bbox 971 2458 1170 2491; baseline 0 0"><span class='ocrx_word' id='word_1_221' title='bbox 971 2458 1170 2491; x_wconf 85' lang='lat' dir='ltr'>Benedictus</span> 
     </span>
     <span class='ocr_line' id='line_1_84' title="bbox 1025 2508 1382 2550; baseline 0.003 -10"><span class='ocrx_word' id='word_1_222' title='bbox 1025 2508 1067 2540; x_wconf 90' lang='lat' dir='ltr'>sit</span> <span class='ocrx_word' id='word_1_223' title='bbox 1094 2512 1203 2541; x_wconf 90' lang='lat' dir='ltr'>rector</span> <span class='ocrx_word' id='word_1_224' title='bbox 1226 2508 1382 2550; x_wconf 87' lang='lat' dir='ltr'>omnium,</span> 
     </span>
    </p>
   </div>
  </div>
 </body>
</html>
