1650 2727
163 1752 200 1788 1.

690 146 740 152 —
790 128 859 164 155

210 253 217 260 .
246 223 450 266 Respondit:
479 216 628 267 Quinque
655 225 758 259 debeo

299 274 381 315 Iuga
407 272 505 306 boum
532 273 686 316 probare,

247 324 337 364 Quae
365 321 465 355 fortia
490 323 644 362 possideo

294 371 341 404 Et
367 380 406 403 ea
431 371 530 404 valde
557 381 642 414 care,

248 421 328 455 Cum
356 420 474 461 quibus
501 429 580 460 opes
608 422 724 454 studeo

295 469 341 502 Et
366 475 474 501 terras
502 468 652 502 dilatare.

212 572 220 581 .
249 548 312 580 Die
341 547 418 579 dum
445 547 571 579 lucrum
600 553 783 588 quaereret,

299 595 407 628 Boves
436 594 642 637 defatigant,

247 644 313 679 Sed
343 654 428 683 sero,
459 654 522 686 quo
549 645 744 687 quiesceret,

302 693 425 726 Locum
452 694 558 726 lassus
584 694 721 735 optavit,

246 744 291 777 Et
320 742 475 775 tenebras
504 743 579 775 dum
609 747 768 782 cerneret,

298 792 437 825 Noctem
463 793 598 825 multam
625 793 769 835 expavit.

214 898 222 906 .
249 872 447 912 Neglecturn
475 876 552 903 tunc
579 871 762 904 convivium

297 921 425 962 Incepit
453 921 598 961 cogitare

249 970 349 1010 Regis
377 974 407 1002 et
435 971 477 1002 ad
506 969 664 1010 palatium

296 1020 366 1052 Iam
394 1020 489 1051 tarde
516 1028 707 1060 properare,

251 1070 405 1102 Clausum
434 1069 559 1100 invenit
584 1068 717 1107 ostium,

297 1118 432 1151 Iubetur
459 1116 539 1150 foris
566 1122 665 1152 stare.

587 1675 646 1708 187.
690 1676 732 1708 De
754 1675 856 1707 Onere

227 1751 266 1784 In
291 1751 400 1783 stadio
426 1750 551 1783 laboris

276 1800 421 1834 currunt
446 1808 558 1832 omnes
585 1799 676 1838 socii,

226 1849 293 1883 Sed
318 1849 469 1883 bravium
495 1848 631 1882 honoris

278 1899 352 1932 Non
379 1902 561 1940 sequuntur
587 1897 727 1938 singuli3

225 1949 262 1982 Si
287 1958 354 1982 non
376 1949 427 1981 vis
452 1948 594 1990 onerari,

224 1999 351 2033 Caveas
377 1997 542 2040 honorari,

226 2049 341 2082 Honor
368 2047 440 2081 vult
465 2056 566 2080 onere
592 2044 735 2088 gravari.

447 2128 479 2160 3.
509 2125 574 2158 Sed
602 2125 630 2158 si
656 2125 690 2157 in
715 2123 871 2156 libertate

561 2176 681 2208 Vivere
708 2173 861 2216 volueris,

510 2225 613 2257 Vivas
640 2224 674 2256 in
701 2223 850 2264 caritate,

873 227 929 262 11.
957 229 1025 260 Iam
1051 228 1164 269 privor
1191 229 1356 263 beneficiis

1006 277 1051 309 Et
1077 276 1153 309 filiis
1180 279 1307 319 carebo,

957 325 1069 360 Uxore
1095 334 1166 358 cum
1195 327 1322 359 deliciis

1006 374 1052 406 Et
1078 383 1201 408 mecum
1229 376 1426 415 permanebo

959 423 1164 455 pernoctans
1191 425 1224 456 in
1252 425 1391 457 miseriis

1008 471 1053 503 Et
1079 471 1156 504 inde
1184 475 1285 513 magis
1313 473 1407 506 flebo,

879 550 932 582 12.
961 549 1116 588 Mundus,
1143 559 1229 587 caro.
1259 551 1441 589 daemonia,

1010 598 1066 630 Me
1092 599 1178 630 male
1205 600 1391 636 seduxistis,

962 648 1046 679 Dum
1074 655 1134 687 per
1161 647 1291 679 diversa
1319 649 1398 679 vitia

1010 695 1066 727 Me
1094 697 1248 728 miserum
1278 696 1416 728 duxistis

959 745 1003 776 Et
1030 745 1176 784 paradisi
1203 746 1285 776 ostia

1010 792 1172 826 Finaliter
1200 794 1372 827 clausistis.

877 873 935 905 13.
963 871 1109 913 Fratres,
1137 872 1259 913 hortor,
1291 872 1486 912 perpendite

1009 920 1187 953 Tormenta
1214 922 1376 960 graviora,

963 970 1106 1001 Assidue
1135 970 1267 1010 dirigite

1009 1019 1061 1050 Ad
1091 1018 1174 1050 bona
1202 1020 1348 1060 meliora,

959 1067 1013 1099 Ad
1043 1077 1154 1099 cenam
1185 1078 1240 1099 vos
1271 1068 1445 1108 disponite,

1010 1116 1093 1149 Nam
1123 1117 1230 1149 brevis
1262 1122 1355 1149 vocat
1387 1117 1476 1150 hora.

164 1197 221 1231 10.
251 1197 342 1229 Tunc
369 1206 426 1228 rex
453 1204 570 1228 aversa
597 1194 682 1227 facie
877 1196 931 1229 14.
962 1194 1121 1227 Caelestis
1148 1200 1244 1235 pater
1271 1196 1410 1236 gratiae.

299 1245 412 1278 Dixit:
442 1246 505 1277 huc
531 1255 593 1277 non
622 1243 762 1277 intrabis
1010 1245 1070 1283 Qui
1099 1245 1264 1277 Christum
1296 1245 1357 1276 huc
1384 1244 1511 1283 misisti,

252 1296 322 1328 Nec
349 1295 463 1336 epulas
491 1295 636 1326 laetitiae
958 1293 1007 1325 Tu
1035 1303 1093 1325 nos
1120 1293 1162 1325 ad
1191 1302 1303 1325 cenam
1330 1295 1452 1334 gloriae

300 1345 360 1376 Vel
393 1353 504 1376 cenam
535 1344 617 1376 hanc
642 1343 800 1386 gustabis,
1013 1342 1102 1374 Voca
1128 1352 1146 1374 a
1173 1344 1294 1375 mundo
1321 1343 1419 1383 tristi,

251 1393 316 1427 Sed
344 1398 421 1426 tuae
448 1393 673 1434 neglegentiae
963 1391 1141 1424 Nobiscum
1170 1396 1236 1423 stes
1264 1393 1295 1424 in
1323 1393 1393 1424 acie

300 1443 485 1484 Dispendia
512 1441 671 1483 portabis.
1011 1444 1134 1474 Amore
1160 1442 1233 1472 Iesu
1262 1441 1395 1476 Christi,

229 1521 303 1550 Piae
327 1521 491 1549 cantiones
521 1518 597 1547 1582
619 1519 669 1547 fol.
691 1519 723 1547 M
745 1516 764 1546 8
786 1520 803 1547 b
826 1528 890 1555 sqq.
911 1519 1095 1555 (Kleniming
1119 1519 1175 1546 1V.
1198 1516 1258 1551 37.)
1285 1533 1319 1538 -—
1348 1521 1375 1549 δ’
1401 1518 1413 1546 1
1437 1519 1514 1547 Tota

152 1561 202 1590 die
223 1561 340 1590 lucrum
364 1568 511 1597 quaerens
533 1568 629 1596 gegcn
651 1559 710 1586 den
731 1559 828 1586 Reim.
849 1573 888 1578 ——
909 1556 936 1591 8,
959 1558 977 1586 3
998 1558 1087 1594 quod.

879 1674 1076 1706 possidendi.

876 1750 908 1782 2.
938 1747 1029 1780 Sicut
1057 1747 1197 1779 dulcedo
1225 1747 1331 1780 mellis

986 1796 1061 1829 Non
1090 1796 1314 1833 evacuabitur,

937 1846 1179 1886 Acerbitasque
1208 1845 1294 1878 fellis

989 1895 1163 1936 Nunquam
1192 1895 1406 1935 relaxabitur,

939 1946 994 1979 Sic
1021 1949 1053 1977 et
1079 1946 1113 1977 in
1141 1945 1330 1986 praelatura

938 1994 1058 2027 Nullus
1087 1999 1133 2027 est
1163 1995 1233 2027 sine
1260 2004 1348 2035 cura,

939 2044 1061 2077 Rerum
1089 2045 1151 2077 hoc
1179 2044 1279 2085 exigit
1306 2048 1435 2076 natura.

560 2274 616 2307 Sic
641 2276 677 2304 tu
703 2281 767 2305 non
795 2270 958 2311 dolueris3

512 2323 568 2355 Nil
596 2321 709 2362 habes,
736 2321 783 2353 nil
810 2320 949 2360 dolebis,

509 2372 682 2404 Perditum
707 2377 814 2410 neque
838 2368 944 2408 flebis,

511 2420 578 2454 Sed
605 2421 638 2453 iu
665 2419 739 2462 hoc,
767 2418 857 2460 quod

229 2501 305 2530 Piae
326 2499 492 2529 Cantiones
515 2496 592 2527 1582
612 2496 664 2525 fol.
685 2495 718 2524 M
740 2493 759 2522 2
780 2495 798 2524 b
821 2504 866 2533 sq.

883 2418 995 2457 habes,
1024 2417 1193 2459 gaudebis,

888 2495 1076 2532 (Klemming
1096 2495 1149 2529 IV,
1170 2493 1229 2527 052.)
