1650 2727
679 138 942 174 -110-

171 237 203 269 3.
232 236 258 269 O
282 236 375 278 virgo
402 236 610 281 venerabilis,
883 240 915 272 4.
943 237 1117 270 Trinitatis
1142 236 1332 278 triclinium,

282 285 477 318 Laudabilis
990 287 1041 319 Tu
1065 285 1168 319 filium

331 335 466 375 Regina,
1041 335 1175 366 vestisti

232 383 283 416 De
309 384 411 423 stirpe
436 383 547 416 David
574 388 658 417 orta.
941 384 1032 418 Patri
1060 379 1158 428 [Deo]
1186 382 1374 424 oboediens,

233 432 283 464 Tu
310 442 387 465 vera
413 433 494 464 caeli
520 438 617 474 porta
940 433 1106 466 Paracli‘to
1133 432 1359 471 consentiens;

233 481 366 514 Cunctis
393 485 425 512 te
452 482 664 514 laudantibus
936 482 1023 514 Huic
1048 481 1090 514 sit
1117 481 1188 513 laus
1215 484 1248 512 et
1272 480 1378 521 gloria

282 530 438 563 Precibus
464 532 657 571 praecelsis.
988 531 1054 563 Per
1079 533 1214 562 aeterna
1240 529 1383 563 saecula.

534 637 585 670 ΗΟ
613 639 696 679 Ave,
723 646 793 676 ave,
821 638 928 678 gratia
953 638 1063 678 plena,

616 687 774 719 Dominus
800 690 918 727 tecum,

615 735 787 775 Concipies
814 738 846 767 et
872 736 982 776 paries

617 784 759 816 Verbum
784 784 890 824 patris
916 784 1089 824 altissimi3

614 833 659 864 Et
685 832 818 864 verbum
845 842 922 865 caro
949 831 1072 864 factum
1099 836 1158 873 est,

613 882 792 913 Nobiscum
819 884 869 913 est

614 930 657 962 Et
684 933 794 962 manet
819 930 853 962 in
880 935 1061 964 aeternum.

217 1038 304 1064 Cant.
339 1045 392 1063 ms.
421 1037 571 1071 pragense
598 1036 781 1069 (Wenceslai
813 1036 848 1063 de
879 1036 1062 1072 VVyskytna)
1093 1037 1165 1063 anni
1198 1034 1281 1063 1512.
1312 1035 1384 1063 eod.
1413 1035 1493 1063 Mus.

138 1075 260 1103 Bohem.
288 1076 361 1103 XIII
385 1076 407 1102 A
433 1074 458 1102 ¹2v
484 1090 519 1093 —
543 1074 569 1108 Ρ»,
592 1075 609 1101 5
633 1077 695 1103 veri
718 1075 804 1103 caeli.
827 1089 864 1094 —
886 1074 934 1102 R‘J
958 1075 1038 1104 steht
1059 1075 1159 1102 hinter
1181 1077 1239 1102 Str.
1267 1074 1290 1102 1.

590 1287 652 1318 132.
696 1288 737 1318 De
760 1287 855 1319 beata
877 1286 978 1319 Maria
1000 1288 1035 1318 V.

181 1389 211 1422 1.
240 1386 316 1422 Iesu
344 1388 448 1421 dulcis
477 1393 581 1420 mater
607 1389 702 1429 bona,
884 1390 915 1422 6.
948 1385 1023 1421 Leti
1050 1388 1135 1430 finis,
1164 1388 1249 1420 vitae
1276 1389 1340 1430 via,

239 1438 356 1470 Mundi
383 1437 471 1469 salus
498 1441 529 1469 et
556 1442 695 1479 patrona
945 1438 1018 1469 Tibi
1046 1437 1167 1477 triplex
1195 1438 1357 1470 ierarchia

288 1487 506 1528 Supernorum
532 1487 662 1528 civium,
994 1487 1103 1530 Digna
1129 1486 1185 1518 dat
1209 1488 1398 1527 praeconia,

180 1596 212 1628 2.
240 1593 296 1629 Ad
324 1600 356 1626 te
382 1593 498 1626 flentes
524 1596 736 1635 suspiramus,
888 1596 919 1628 7.
948 1593 1031 1636 Ave.
1059 1604 1184 1636 gemma
1210 1595 1366 1636 pretiosa⁷

239 1644 285 1676 Te
312 1650 476 1685 gementes
502 1644 688 1676 invocamus
947 1643 1053 1685 Supra
1080 1644 1181 1675 solem
1207 1644 1367 1684 speciosa,

289 1693 379 1726 Evae
404 1693 515 1733 proles
541 1694 672 1726 misera.
996 1693 1165 1735 virginale
1192 1694 1357 1734 gaudium,

175 1801 206 1834 3.
236 1798 365 1841 Regina
391 1803 425 1831 tu
451 1800 585 1840 pietatis
888 1802 920 1835 8.
950 1798 1055 1843 Virga
1083 1802 1171 1833 Iesse
1198 1805 1232 1833 tu
1258 1799 1389 1842 florida,

240 1850 283 1882 Et
311 1850 408 1882 totius
435 1850 622 1881 sanctitatis
948 1849 1050 1882 Stella
1077 1859 1208 1890 semper
1234 1849 1458 1892 praefulgida,

289 1898 424 1931 Flumen
453 1897 658 1932 indeficiens.
995 1899 1093 1932 Sidus
1121 1908 1218 1931 verae
1244 1899 1337 1934 lucis.

179 2007 211 2039 4.
239 2003 269 2040 0
296 2005 414 2044 Maria,
443 2010 478 2037 tu
505 2006 644 2047 benigna
886 2008 918 2040 9.
949 2004 1076 2039 Statum
1104 2009 1237 2038 nostrae
1262 2005 1472 2047 paupertatis

243 2053 367 2089 Christi
395 2064 527 2086 consors
554 2059 652 2095 atque
678 2055 785 2096 digna.
946 2056 1048 2087 Vultu
1074 2058 1149 2086 tuae
1175 2055 1356 2088 maiestatis

291 2104 384 2136 Votis
411 2104 533 2135 nostris
560 2104 679 2138 adnue.
1001 2104 1188 2137 Clementer
1214 2104 1397 2138 considera.

182 2212 213 2243 5.
243 2208 326 2250 Spes
354 2218 481 2242 reorum
510 2218 555 2241 es.
584 2210 701 2241 Maria.
866 2210 920 2242 1o.
950 2211 1067 2242 Pacem
1096 2207 1210 2241 confer
1235 2211 1473 2250 sempiternam

243 2258 474 2298 Redemptoris
502 2262 606 2289 mater
632 2260 697 2298 pia,
947 2259 991 2290 Et
1017 2260 1058 2291 ad
1084 2258 1190 2290 lucem
1217 2268 1275 2290 nos
1302 2264 1472 2293 aeternam

292 2308 479 2341 Electorum
506 2307 621 2348 gloria,
997 2305 1156 2340 Transfer
1181 2312 1256 2348 post
1282 2309 1446 2342 exsilium.

226 2414 311 2443 Cant.
348 2422 402 2442 ms.
434 2413 585 2448 Pragense
610 2411 793 2442 (Wenceslai
826 2412 862 2440 de
885 2412 1072 2449 Wyskytna)
1102 2413 1175 2440 anni
1207 2412 1291 2442 1512.
1320 2415 1393 2443 Cod.
1421 2415 1500 2444 Mus.

147 2453 269 2481 Bohem.
298 2455 371 2481 XIII
398 2453 423 2479 A
451 2451 478 2479 2.
507 2467 540 2471 —
569 2452 626 2480 Str.
654 2449 672 2479 3
699 2451 778 2479 steht
806 2452 851 2479 als
873 2449 920 2480 R⁰
949 2451 1048 2480 hinter
1070 2451 1127 2479 Str.
1159 2451 1191 2489 l;
1217 2453 1271 2481 das
1293 2454 1501 2484 Akrostichon

146 2493 352 2521 Iaroslaus
379 2493 465 2519 weist
486 2492 534 2518 ihr
556 2491 640 2518 indes
663 2491 748 2519 ihren
770 2491 855 2518 Platz
877 2491 922 2519 als
943 2491 1001 2520 Str.
1023 2490 1042 2519 4
1063 2500 1110 2520 an.
