1650 2727
682 161 948 199 —172-

291 303 339 335 70.
383 303 426 334 De
448 303 606 345 Reliquiis
627 304 794 338 Ecclesiae
814 314 842 338 s.
862 305 1047 338 Frambami
1068 306 1331 339 Silvanectensis.

284 396 330 428 In
360 396 391 429 1.
419 396 642 437 Vesperis.

362 472 561 508 Antiphonae.

157 553 189 585 1.
216 552 269 584 Ad
297 551 426 584 laudem
454 552 538 592 regis
564 553 686 592 gloriae

216 600 265 632 De
292 600 453 633 thesauris
479 601 636 633 ecclesiae

264 649 407 690 Lapides
435 649 570 688 pretiosi

219 697 384 730 Prodeant
410 698 442 729 in
469 699 642 738 propatulo

215 747 395 779 Radiantes
420 747 453 778 in
479 747 599 786 populo

263 795 393 827 Virtute
419 795 580 828 luminosi.

155 874 187 906 2.
215 874 399 905 Attolamus
426 874 609 912 praeconio,

214 921 264 953 Ne
291 922 413 954 lateant
439 922 498 952 sub
525 922 643 963 modio,

266 970 432 1002 Lucernas
460 970 636 1007 claritatis;

214 1018 257 1050 Hi
284 1024 356 1050 sunt
384 1017 478 1050 iubar
504 1019 671 1059 ecclesiae,

213 1067 394 1107 Exemplar
419 1067 662 1106 sanctimoniae,

261 1115 433 1155 Speculum
460 1116 652 1150 sanctitatis.

151 1194 183 1225 3.
212 1193 333 1233 vigens
361 1193 469 1233 vigore
496 1193 630 1232 spiritus

211 1241 237 1272 V
249 1242 258 1272 i
270 1251 361 1281 gor,
387 1242 521 1272 antistes
547 1242 678 1273 inclitus

260 1290 400 1321 Baiocae
426 1290 577 1324 civitatis.

211 1338 305 1369 Hanc
332 1342 467 1370 exornat
494 1338 674 1379 ecclesiam,

210 1387 312 1427 Quam
340 1386 503 1418 collaudat
531 1387 572 1418 ad
600 1387 736 1426 gloriam

259 1435 398 1467 Divinae
424 1435 613 1468 maiestatis

148 1514 183 1545 4.
212 1513 265 1544 Ad
294 1512 400 1544 laudis
427 1513 529 1544 assint
557 1514 717 1546 cumulum

208 1561 339 1593 Laudes
375 1565 556 1592 sauctorum
592 1563 776 1601 praesulum

257 1609 422 1641 Silvini
449 1614 479 1640 et
507 1609 742 1652 Gerbaldi,

207 1658 294 1697 Quos
321 1658 373 1689 hic
402 1658 433 1689 in
461 1658 538 1689 sede
565 1659 699 1698 propria

209 1707 391 1739 Comitatur
417 1707 602 1746 praesentia

256 1754 398 1787 Gloriosi
423 1754 686 1788 Frambaldi.

147 1834 179 1867 5.
206 1834 320 1865 Assint
346 1842 417 1865 cum
445 1833 526 1865 rosis
552 1833 631 1874 lilia,

206 1882 401 1922 Reginarum
429 1883 592 1913 consortia

253 1932 302 1962 Ac
330 1931 414 1962 beati
442 1930 652 1971 Baumiri,

205 1979 326 2019 Quibus
354 1980 474 2011 sanctis
503 1979 693 2019 corporibus

205 2028 249 2060 Et
285 2029 386 2060 sacris
419 2037 477 2059 nos
503 2037 597 2068 quam
625 2029 774 2068 plurimis

254 2077 375 2109 Datum
402 2081 451 2107 est
477 2077 639 2116 insigniri.

327 2183 372 2210 Ad
393 2181 575 2218 Magnificat.

131 2255 172 2287 A.
201 2252 227 2286 O
254 2253 383 2293 quantis
409 2251 594 2291 magnificat

253 2302 318 2333 Vos
346 2300 494 2334 Christus
520 2301 707 2340 honoribus,

202 2351 288 2391 Quos
315 2354 347 2382 et
373 2349 426 2381 hic
452 2349 603 2382 mirificat

252 2399 359 2441 Signis
386 2402 417 2430 et
444 2398 619 2431 virtutibus

203 2448 247 2481 Et
273 2457 380 2481 secum
408 2447 586 2488 glorificat3

251 2498 344 2531 Assit
370 2497 487 2529 vestris
513 2497 665 2538 precibus

852 1285 871 1316 10

916 397 1029 441 Nobis,
1057 408 1138 440 quos
1164 398 1320 431 laetificat

964 443 1104 492 [Hodie]
1131 447 1182 479 his
1208 446 1371 480 laudibus,

977 549 1039 581 Ad
1074 550 1349 582 Matutinum.

1052 611 1275 640 Invitatorium.

915 669 1041 702 Adoret
1067 671 1206 704 ecclesia

963 718 1085 759 Regem
1111 721 1314 752 saeculorum

916 766 967 798 De
993 772 1179 800 sanctorum
1204 769 1308 809 gloria

966 815 1120 848 Gaudens
1145 816 1379 850 confessorum.

980 927 1025 958 In
1053 928 1084 959 1.
1111 927 1348 960 Nocturno.

1062 993 1262 1030 Antiphonae.

881 1086 889 1094 .
915 1060 1026 1093 Sancti
1053 1062 1156 1103 legem
1183 1063 1314 1096 Domini

964 1111 1072 1143 Corde
1098 1112 1309 1153 meditantur,

915 1157 978 1191 Per
1003 1168 1082 1199 quos
1108 1160 1231 1193 Christi
1258 1161 1387 1193 nomine

965 1207 1082 1239 Plebes
1108 1209 1340 1250 adgregantur.

878 1309 885 1316 .
913 1284 1095 1325 Praecepta
1122 1286 1283 1319 dominica

960 1333 1087 1365 Docent
1115 1339 1145 1366 et
1173 1336 1309 1368 consilia

911 1381 1162 1414 Contemnentes
1189 1383 1317 1416 lubrica

961 1431 1025 1463 Pro
1050 1432 1186 1473 perenni
1213 1433 1328 1472 gloria.

876 1532 884 1540 .
911 1507 966 1540 Sic
991 1516 1066 1539 suos
1092 1507 1245 1541 mirificat

959 1555 1096 1588 Sanctus
1122 1566 1179 1589 rex
1208 1559 1373 1598 virtutum,

910 1605 950 1637 In
975 1605 1065 1636 caelo
1092 1605 1263 1648 glorificat,

959 1653 1021 1685 Hic
1049 1654 1105 1685 dat
1131 1654 1194 1686 iter
1221 1659 1339 1687 tutum.

1057 1730 1267 1766 Responsoria.

878 1810 885 1817 .
914 1784 1011 1817 Sonet
1040 1794 1102 1816 vox
1129 1786 1160 1817 in
1189 1785 1341 1818 laudibus

959 1833 1108 1865 Summae
1136 1834 1285 1877 bonitati,

909 1882 991 1914 Nam
1020 1882 1147 1922 accepti
1172 1883 1256 1915 ratio

957 1931 1025 1963 Nos
1051 1937 1160 1963 monet
1186 1936 1218 1963 et
1246 1930 1325 1971 dati,

906 1979 956 2011 Ne
984 1980 1024 2011 de
1049 1983 1140 2012 tanto
1166 1981 1275 2012 munio

956 2028 1147 2060 Reddamur
1170 2029 1309 2070 ingrati;

911 2076 1100 2109 Gratiarum
1127 2077 1169 2108 sit
1195 2079 1280 2111 actio

907 2126 972 2159 Pro
998 2129 1090 2157 tanto
1118 2125 1279 2159 beneficio

955 2174 1097 2206 Divinae
1121 2175 1278 2216 largitati.

906 2252 943 2284 In
971 2252 1078 2284 carnis
1105 2252 1200 2285 buius
1227 2262 1360 2286 carcere

955 2302 1062 2335 Carne
1087 2301 1284 2343 mortificati,

906 2349 981 2382 Non
1007 2350 1071 2382 sibi
1098 2351 1159 2382 soli
1186 2352 1297 2384 vivere

954 2399 1019 2432 Sed
1045 2399 1211 2433 Christum
1239 2400 1428 2443 amplexati,

906 2448 1125 2481 Plurimorum
1152 2450 1313 2491 preficere

955 2497 1094 2530 Student
1119 2499 1274 2543 utilitati;
