<?xml version="1.0" encoding="UTF-8"?>
<!DOCTYPE html PUBLIC "-//W3C//DTD XHTML 1.0 Transitional//EN"
    "http://www.w3.org/TR/xhtml1/DTD/xhtml1-transitional.dtd">
<html xmlns="http://www.w3.org/1999/xhtml" xml:lang="en" lang="en">
 <head>
  <title>
</title>
<meta http-equiv="Content-Type" content="text/html;charset=utf-8" />
  <meta name='ocr-system' content='tesseract 3.04.00' />
  <meta name='ocr-capabilities' content='ocr_page ocr_carea ocr_par ocr_line ocrx_word'/>
</head>
<body>
  <div class='ocr_page' id='page_1' title='image "./lta-2000/analectahymnica45drevuoft/analectahymnica45drevuoft_0198.png"; bbox 0 0 1650 2727; ppageno 0'>
   <div class='ocr_carea' id='block_1_1' title="bbox 703 173 974 210">
    <p class='ocr_par' dir='ltr' id='par_1_1' title="bbox 703 173 974 210">
     <span class='ocr_line' id='line_1_1' title="bbox 703 173 974 210; baseline 0 -1"><span class='ocrx_word' id='word_1_1' title='bbox 703 173 974 210; x_wconf 84' lang='lat'>——195-</span> 
     </span>
    </p>
   </div>
   <div class='ocr_carea' id='block_1_2' title="bbox 158 269 718 654">
    <p class='ocr_par' dir='ltr' id='par_1_2' title="bbox 158 269 718 654">
     <span class='ocr_line' id='line_1_2' title="bbox 172 269 693 312; baseline -0.004 -8"><span class='ocrx_word' id='word_1_2' title='bbox 172 271 206 304; x_wconf 88' lang='grc'>2.</span> <span class='ocrx_word' id='word_1_3' title='bbox 234 271 365 312; x_wconf 77' lang='lat' dir='ltr'>Quanto</span> <span class='ocrx_word' id='word_1_4' title='bbox 390 270 495 311; x_wconf 81' lang='lat' dir='ltr'>gradu</span> <span class='ocrx_word' id='word_1_5' title='bbox 521 269 693 311; x_wconf 82' lang='lat' dir='ltr'>dignitatis</span> 
     </span>
     <span class='ocr_line' id='line_1_3' title="bbox 280 319 651 360; baseline -0.005 -8"><span class='ocrx_word' id='word_1_6' title='bbox 280 319 413 353; x_wconf 80' lang='lat' dir='ltr'><strong>Eminet</strong></span> <span class='ocrx_word' id='word_1_7' title='bbox 439 319 651 360; x_wconf 83' lang='lat' dir='ltr'>praecelsior,</span> 
     </span>
     <span class='ocr_line' id='line_1_4' title="bbox 231 367 619 402; baseline -0.008 0"><span class='ocrx_word' id='word_1_8' title='bbox 231 369 339 402; x_wconf 79' lang='lat' dir='ltr'>Tanto</span> <span class='ocrx_word' id='word_1_9' title='bbox 364 371 443 401; x_wconf 85' lang='lat' dir='ltr'>nutu</span> <span class='ocrx_word' id='word_1_10' title='bbox 471 367 619 401; x_wconf 84' lang='lat' dir='ltr'>caritatis</span> 
     </span>
     <span class='ocr_line' id='line_1_5' title="bbox 281 417 681 457; baseline -0.005 -7"><span class='ocrx_word' id='word_1_11' title='bbox 281 417 415 450; x_wconf 86' lang='lat' dir='ltr'>Cunctis</span> <span class='ocrx_word' id='word_1_12' title='bbox 441 421 492 449; x_wconf 90' lang='lat' dir='ltr'>est</span> <span class='ocrx_word' id='word_1_13' title='bbox 517 417 681 457; x_wconf 88' lang='lat' dir='ltr'>humilior,</span> 
     </span>
     <span class='ocr_line' id='line_1_6' title="bbox 230 465 718 508; baseline 0 -9"><span class='ocrx_word' id='word_1_14' title='bbox 230 467 300 508; x_wconf 82' lang='lat' dir='ltr'>Quo</span> <span class='ocrx_word' id='word_1_15' title='bbox 325 466 455 498; x_wconf 87' lang='lat' dir='ltr'>interno</span> <span class='ocrx_word' id='word_1_16' title='bbox 481 474 572 498; x_wconf 87' lang='lat' dir='ltr'>mens</span> <span class='ocrx_word' id='word_1_17' title='bbox 599 465 718 499; x_wconf 85' lang='lat' dir='ltr'>affectu</span> 
     </span>
     <span class='ocr_line' id='line_1_7' title="bbox 280 514 600 556; baseline -0.006 -8"><span class='ocrx_word' id='word_1_18' title='bbox 280 514 451 548; x_wconf 80' lang='lat' dir='ltr'>Affluebat</span> <span class='ocrx_word' id='word_1_19' title='bbox 475 515 600 556; x_wconf 85' lang='lat' dir='ltr'>purior,</span> 
     </span>
     <span class='ocr_line' id='line_1_8' title="bbox 158 563 694 606; baseline -0.009 -6"><span class='ocrx_word' id='word_1_20' title='bbox 158 565 200 600; x_wconf 92' lang='lat' dir='ltr'>V.</span> <span class='ocrx_word' id='word_1_21' title='bbox 231 564 345 606; x_wconf 81' lang='lat' dir='ltr'>Gesta,</span> <span class='ocrx_word' id='word_1_22' title='bbox 372 563 473 596; x_wconf 90' lang='lat' dir='ltr'>verbo</span> <span class='ocrx_word' id='word_1_23' title='bbox 499 567 531 596; x_wconf 89' lang='lat' dir='ltr'>et</span> <span class='ocrx_word' id='word_1_24' title='bbox 557 568 694 605; x_wconf 86' lang='lat' dir='ltr'>aspectu</span> 
     </span>
     <span class='ocr_line' id='line_1_9' title="bbox 280 613 627 654; baseline -0.006 -8"><span class='ocrx_word' id='word_1_25' title='bbox 280 613 467 654; x_wconf 85' lang='lat' dir='ltr'>Effulgebat</span> <span class='ocrx_word' id='word_1_26' title='bbox 494 613 627 654; x_wconf 78' lang='lat' dir='ltr'>gratior,</span> 
     </span>
    </p>
   </div>
   <div class='ocr_carea' id='block_1_3' title="bbox 157 701 804 1079">
    <p class='ocr_par' dir='ltr' id='par_1_3' title="bbox 157 701 804 1079">
     <span class='ocr_line' id='line_1_10' title="bbox 170 701 684 744; baseline -0.004 -8"><span class='ocrx_word' id='word_1_27' title='bbox 170 703 202 736; x_wconf 90' lang='lat'>3.</span> <span class='ocrx_word' id='word_1_28' title='bbox 231 703 257 736; x_wconf 94' lang='grc' dir='ltr'>Ο</span> <span class='ocrx_word' id='word_1_29' title='bbox 283 701 460 744; x_wconf 83' lang='lat' dir='ltr'>laudanda,</span> <span class='ocrx_word' id='word_1_30' title='bbox 488 711 506 733; x_wconf 94' lang='lat'>0</span> <span class='ocrx_word' id='word_1_31' title='bbox 533 701 684 734; x_wconf 88' lang='lat' dir='ltr'>miranda</span> 
     </span>
     <span class='ocr_line' id='line_1_11' title="bbox 280 750 717 791; baseline 0 -9"><span class='ocrx_word' id='word_1_32' title='bbox 280 751 396 783; x_wconf 75' lang='lat' dir='ltr'>Virtus</span> <span class='ocrx_word' id='word_1_33' title='bbox 420 750 516 782; x_wconf 86' lang='lat' dir='ltr'>huius</span> <span class='ocrx_word' id='word_1_34' title='bbox 541 750 717 791; x_wconf 82' lang='lat' dir='ltr'>praesulis,</span> 
     </span>
     <span class='ocr_line' id='line_1_12' title="bbox 230 799 804 841; baseline -0.003 -8"><span class='ocrx_word' id='word_1_35' title='bbox 230 800 365 833; x_wconf 84' lang='lat' dir='ltr'>Donans</span> <span class='ocrx_word' id='word_1_36' title='bbox 391 799 518 840; x_wconf 84' lang='lat' dir='ltr'>signum</span> <span class='ocrx_word' id='word_1_37' title='bbox 545 800 642 832; x_wconf 89' lang='lat' dir='ltr'>laude</span> <span class='ocrx_word' id='word_1_38' title='bbox 670 800 804 841; x_wconf 84' lang='lat' dir='ltr'>dignum</span> 
     </span>
     <span class='ocr_line' id='line_1_13' title="bbox 282 848 677 882; baseline -0.003 -1"><span class='ocrx_word' id='word_1_39' title='bbox 282 848 494 882; x_wconf 84' lang='lat' dir='ltr'>Saeculorum</span> <span class='ocrx_word' id='word_1_40' title='bbox 520 849 677 881; x_wconf 86' lang='lat' dir='ltr'>saeculis!</span> 
     </span>
     <span class='ocr_line' id='line_1_14' title="bbox 231 899 742 940; baseline -0.002 -9"><span class='ocrx_word' id='word_1_41' title='bbox 231 899 291 940; x_wconf 84' lang='lat' dir='ltr'>Qui</span> <span class='ocrx_word' id='word_1_42' title='bbox 319 899 361 930; x_wconf 91' lang='lat' dir='ltr'>ad</span> <span class='ocrx_word' id='word_1_43' title='bbox 384 899 490 930; x_wconf 85' lang='lat' dir='ltr'>instar</span> <span class='ocrx_word' id='word_1_44' title='bbox 517 899 742 937; x_wconf 81' lang='lat' dir='ltr'>praecursoris</span> 
     </span>
     <span class='ocr_line' id='line_1_15' title="bbox 279 947 632 980; baseline -0.003 0"><span class='ocrx_word' id='word_1_45' title='bbox 279 947 475 980; x_wconf 87' lang='lat' dir='ltr'>Prototestis</span> <span class='ocrx_word' id='word_1_46' title='bbox 501 947 632 979; x_wconf 85' lang='lat' dir='ltr'>luminis</span> 
     </span>
     <span class='ocr_line' id='line_1_16' title="bbox 157 996 703 1031; baseline -0.002 -2"><span class='ocrx_word' id='word_1_47' title='bbox 157 997 198 1031; x_wconf 82' lang='lat' dir='ltr'>V.</span> <span class='ocrx_word' id='word_1_48' title='bbox 231 997 346 1030; x_wconf 85' lang='lat' dir='ltr'>Prodit</span> <span class='ocrx_word' id='word_1_49' title='bbox 373 996 477 1028; x_wconf 79' lang='lat' dir='ltr'>virum</span> <span class='ocrx_word' id='word_1_50' title='bbox 505 1000 537 1028; x_wconf 86' lang='lat' dir='ltr'>et</span> <span class='ocrx_word' id='word_1_51' title='bbox 563 996 703 1028; x_wconf 81' lang='lat' dir='ltr'>accersit</span> 
     </span>
     <span class='ocr_line' id='line_1_17' title="bbox 281 1045 651 1079; baseline -0.003 0"><span class='ocrx_word' id='word_1_52' title='bbox 281 1045 472 1079; x_wconf 57' lang='lat' dir='ltr'>Rev-elatum</span> <span class='ocrx_word' id='word_1_53' title='bbox 500 1046 651 1078; x_wconf 86' lang='lat' dir='ltr'>numinis.</span> 
     </span>
    </p>
   </div>
   <div class='ocr_carea' id='block_1_4' title="bbox 294 1201 664 1236">
    <p class='ocr_par' dir='ltr' id='par_1_4' title="bbox 294 1201 664 1236">
     <span class='ocr_line' id='line_1_18' title="bbox 294 1201 664 1236; baseline 0.003 -3"><span class='ocrx_word' id='word_1_54' title='bbox 294 1202 340 1233; x_wconf 88' lang='lat' dir='ltr'>In</span> <span class='ocrx_word' id='word_1_55' title='bbox 367 1203 400 1236; x_wconf 83' lang='lat'>3.</span> <span class='ocrx_word' id='word_1_56' title='bbox 429 1201 664 1234; x_wconf 84' lang='lat' dir='ltr'>Nocturno.</span> 
     </span>
    </p>
   </div>
   <div class='ocr_carea' id='block_1_5' title="bbox 381 1279 581 1315">
    <p class='ocr_par' dir='ltr' id='par_1_5' title="bbox 381 1279 581 1315">
     <span class='ocr_line' id='line_1_19' title="bbox 381 1279 581 1315; baseline 0 -9"><span class='ocrx_word' id='word_1_57' title='bbox 381 1279 581 1315; x_wconf 81' lang='lat' dir='ltr'>Antiphonae.</span> 
     </span>
    </p>
   </div>
   <div class='ocr_carea' id='block_1_6' title="bbox 175 1369 803 1558">
    <p class='ocr_par' dir='ltr' id='par_1_6' title="bbox 175 1369 803 1558">
     <span class='ocr_line' id='line_1_20' title="bbox 175 1369 803 1411; baseline 0.006 -10"><span class='ocrx_word' id='word_1_58' title='bbox 175 1369 204 1401; x_wconf 93' lang='lat' dir='ltr'>l.</span> <span class='ocrx_word' id='word_1_59' title='bbox 236 1369 348 1402; x_wconf 85' lang='lat' dir='ltr'>Certat</span> <span class='ocrx_word' id='word_1_60' title='bbox 377 1369 500 1411; x_wconf 81' lang='lat' dir='ltr'>clerus,</span> <span class='ocrx_word' id='word_1_61' title='bbox 529 1370 607 1402; x_wconf 85' lang='lat' dir='ltr'>urbs</span> <span class='ocrx_word' id='word_1_62' title='bbox 636 1372 803 1405; x_wconf 86' lang='lat' dir='ltr'>contendit</span> 
     </span>
     <span class='ocr_line' id='line_1_21' title="bbox 280 1418 544 1459; baseline -0.008 -9"><span class='ocrx_word' id='word_1_63' title='bbox 280 1418 412 1458; x_wconf 86' lang='lat' dir='ltr'>optione</span> <span class='ocrx_word' id='word_1_64' title='bbox 439 1419 544 1459; x_wconf 73' lang='lat' dir='ltr'>copia,</span> 
     </span>
     <span class='ocr_line' id='line_1_22' title="bbox 232 1467 758 1508; baseline 0.006 -8"><span class='ocrx_word' id='word_1_65' title='bbox 232 1467 291 1500; x_wconf 91' lang='lat' dir='ltr'>Cui</span> <span class='ocrx_word' id='word_1_66' title='bbox 317 1471 527 1506; x_wconf 84' lang='lat' dir='ltr'>praestentur</span> <span class='ocrx_word' id='word_1_67' title='bbox 553 1469 758 1508; x_wconf 83' lang='lat' dir='ltr'><strong>praesulatus</strong></span> 
     </span>
     <span class='ocr_line' id='line_1_23' title="bbox 279 1516 560 1558; baseline 0.007 -12"><span class='ocrx_word' id='word_1_68' title='bbox 279 1516 384 1556; x_wconf 81' lang='lat' dir='ltr'>apicis</span> <span class='ocrx_word' id='word_1_69' title='bbox 410 1516 560 1558; x_wconf 82' lang='lat' dir='ltr'>insignia.</span> 
     </span>
    </p>
   </div>
   <div class='ocr_carea' id='block_1_7' title="bbox 170 1605 736 1788">
    <p class='ocr_par' dir='ltr' id='par_1_7' title="bbox 170 1605 736 1695">
     <span class='ocr_line' id='line_1_24' title="bbox 170 1605 736 1648; baseline 0 -10"><span class='ocrx_word' id='word_1_70' title='bbox 170 1605 203 1638; x_wconf 84' lang='lat'>2.</span> <span class='ocrx_word' id='word_1_71' title='bbox 231 1605 311 1638; x_wconf 88' lang='lat' dir='ltr'>Mox</span> <span class='ocrx_word' id='word_1_72' title='bbox 338 1605 467 1645; x_wconf 83' lang='lat' dir='ltr'>sopitur</span> <span class='ocrx_word' id='word_1_73' title='bbox 492 1605 581 1646; x_wconf 87' lang='lat' dir='ltr'>apud</span> <span class='ocrx_word' id='word_1_74' title='bbox 608 1609 736 1648; x_wconf 84' lang='lat' dir='ltr'>patrem</span> 
     </span>
     <span class='ocr_line' id='line_1_25' title="bbox 278 1654 617 1695; baseline 0.003 -9"><span class='ocrx_word' id='word_1_75' title='bbox 278 1654 372 1686; x_wconf 90' lang='lat' dir='ltr'>Sedis</span> <span class='ocrx_word' id='word_1_76' title='bbox 399 1654 617 1695; x_wconf 77' lang='lat' dir='ltr'>apostolicae3</span> 
     </span>
    </p>

    <p class='ocr_par' dir='ltr' id='par_1_8' title="bbox 231 1703 717 1788">
     <span class='ocr_line' id='line_1_26' title="bbox 231 1703 717 1745; baseline 0.002 -9"><span class='ocrx_word' id='word_1_77' title='bbox 231 1703 309 1736; x_wconf 85' lang='lat' dir='ltr'>Post</span> <span class='ocrx_word' id='word_1_78' title='bbox 335 1703 479 1736; x_wconf 88' lang='lat' dir='ltr'>laborem</span> <span class='ocrx_word' id='word_1_79' title='bbox 507 1705 717 1745; x_wconf 87' lang='lat' dir='ltr'>praesulatur</span> 
     </span>
     <span class='ocr_line' id='line_1_27' title="bbox 279 1752 599 1788; baseline 0 -4"><span class='ocrx_word' id='word_1_80' title='bbox 279 1752 426 1785; x_wconf 87' lang='lat' dir='ltr'>Zosimus</span> <span class='ocrx_word' id='word_1_81' title='bbox 453 1752 599 1788; x_wconf 81' lang='lat' dir='ltr'>mirifice,</span> 
     </span>
    </p>
   </div>
   <div class='ocr_carea' id='block_1_8' title="bbox 169 1840 762 2031">
    <p class='ocr_par' dir='ltr' id='par_1_9' title="bbox 169 1840 762 2031">
     <span class='ocr_line' id='line_1_28' title="bbox 169 1840 690 1883; baseline -0.004 -7"><span class='ocrx_word' id='word_1_82' title='bbox 169 1842 202 1876; x_wconf 87' lang='lat'>3.</span> <span class='ocrx_word' id='word_1_83' title='bbox 230 1841 313 1874; x_wconf 88' lang='lat' dir='ltr'>Nam</span> <span class='ocrx_word' id='word_1_84' title='bbox 341 1841 449 1874; x_wconf 84' lang='lat' dir='ltr'>Eliam</span> <span class='ocrx_word' id='word_1_85' title='bbox 477 1846 570 1883; x_wconf 78' lang='lat' dir='ltr'>urget</span> <span class='ocrx_word' id='word_1_86' title='bbox 598 1840 690 1874; x_wconf 89' lang='lat' dir='ltr'>furor</span> 
     </span>
     <span class='ocr_line' id='line_1_29' title="bbox 281 1890 599 1933; baseline -0.006 -9"><span class='ocrx_word' id='word_1_87' title='bbox 281 1890 440 1924; x_wconf 88' lang='lat' dir='ltr'>Iezabelis</span> <span class='ocrx_word' id='word_1_88' title='bbox 467 1890 599 1933; x_wconf 83' lang='lat' dir='ltr'>impiae,</span> 
     </span>
     <span class='ocr_line' id='line_1_30' title="bbox 231 1940 762 1982; baseline 0.008 -11"><span class='ocrx_word' id='word_1_89' title='bbox 231 1940 301 1973; x_wconf 91' lang='lat' dir='ltr'>Vox</span> <span class='ocrx_word' id='word_1_90' title='bbox 327 1940 467 1972; x_wconf 88' lang='lat' dir='ltr'>ancillae</span> <span class='ocrx_word' id='word_1_91' title='bbox 495 1941 629 1973; x_wconf 90' lang='lat' dir='ltr'>Petrum</span> <span class='ocrx_word' id='word_1_92' title='bbox 655 1946 762 1982; x_wconf 77' lang='lat' dir='ltr'>vexat,</span> 
     </span>
     <span class='ocr_line' id='line_1_31' title="bbox 279 1989 661 2031; baseline 0.003 -8"><span class='ocrx_word' id='word_1_93' title='bbox 279 1990 466 2031; x_wconf 86' lang='lat' dir='ltr'>Principem</span> <span class='ocrx_word' id='word_1_94' title='bbox 493 1989 661 2024; x_wconf 83' lang='lat' dir='ltr'>ecclesiae.</span> 
     </span>
    </p>
   </div>
   <div class='ocr_carea' id='block_1_9' title="bbox 366 2109 581 2144">
    <p class='ocr_par' dir='ltr' id='par_1_10' title="bbox 366 2109 581 2144">
     <span class='ocr_line' id='line_1_32' title="bbox 366 2109 581 2144; baseline -0.009 -7"><span class='ocrx_word' id='word_1_95' title='bbox 366 2109 581 2144; x_wconf 85' lang='lat' dir='ltr'>Responsoria.</span> 
     </span>
    </p>
   </div>
   <div class='ocr_carea' id='block_1_10' title="bbox 153 2187 748 2578">
    <p class='ocr_par' dir='ltr' id='par_1_11' title="bbox 153 2187 748 2578">
     <span class='ocr_line' id='line_1_33' title="bbox 170 2187 661 2222; baseline -0.002 0"><span class='ocrx_word' id='word_1_96' title='bbox 170 2189 203 2222; x_wconf 89' lang='lat'>1.</span> <span class='ocrx_word' id='word_1_97' title='bbox 231 2188 433 2222; x_wconf 89' lang='lat' dir='ltr'>Sublimatus</span> <span class='ocrx_word' id='word_1_98' title='bbox 461 2189 546 2222; x_wconf 84' lang='lat' dir='ltr'>vitae</span> <span class='ocrx_word' id='word_1_99' title='bbox 573 2187 661 2221; x_wconf 86' lang='lat' dir='ltr'>fama</span> 
     </span>
     <span class='ocr_line' id='line_1_34' title="bbox 279 2240 669 2280; baseline 0.003 -10"><span class='ocrx_word' id='word_1_100' title='bbox 279 2242 508 2280; x_wconf 85' lang='lat' dir='ltr'>gestorumque</span> <span class='ocrx_word' id='word_1_101' title='bbox 534 2240 669 2279; x_wconf 85' lang='lat' dir='ltr'>specula</span> 
     </span>
     <span class='ocr_line' id='line_1_35' title="bbox 232 2287 660 2329; baseline 0 -9"><span class='ocrx_word' id='word_1_102' title='bbox 232 2287 419 2320; x_wconf 85' lang='lat' dir='ltr'>Praesulari</span> <span class='ocrx_word' id='word_1_103' title='bbox 447 2288 497 2320; x_wconf 88' lang='lat' dir='ltr'>vir</span> <span class='ocrx_word' id='word_1_104' title='bbox 523 2288 660 2329; x_wconf 81' lang='lat' dir='ltr'>insignis</span> 
     </span>
     <span class='ocr_line' id='line_1_36' title="bbox 278 2336 596 2379; baseline 0.003 -10"><span class='ocrx_word' id='word_1_105' title='bbox 278 2336 454 2378; x_wconf 87' lang='lat' dir='ltr'>insignitur</span> <span class='ocrx_word' id='word_1_106' title='bbox 479 2336 596 2379; x_wconf 88' lang='lat' dir='ltr'>infula,</span> 
     </span>
     <span class='ocr_line' id='line_1_37' title="bbox 230 2386 748 2428; baseline 0 -10"><span class='ocrx_word' id='word_1_107' title='bbox 230 2386 294 2419; x_wconf 90' lang='lat' dir='ltr'>Per</span> <span class='ocrx_word' id='word_1_108' title='bbox 319 2395 414 2427; x_wconf 90' lang='lat' dir='ltr'>quem</span> <span class='ocrx_word' id='word_1_109' title='bbox 441 2387 536 2428; x_wconf 88' lang='lat' dir='ltr'>signa</span> <span class='ocrx_word' id='word_1_110' title='bbox 561 2386 748 2419; x_wconf 82' lang='lat' dir='ltr'>sanctitatis</span> 
     </span>
     <span class='ocr_line' id='line_1_38' title="bbox 275 2434 654 2480; baseline 0.003 -13"><span class='ocrx_word' id='word_1_111' title='bbox 275 2434 400 2477; x_wconf 83' lang='lat' dir='ltr'>fulgent</span> <span class='ocrx_word' id='word_1_112' title='bbox 427 2439 460 2468; x_wconf 88' lang='lat' dir='ltr'>et</span> <span class='ocrx_word' id='word_1_113' title='bbox 485 2437 654 2480; x_wconf 85' lang='lat' dir='ltr'>miracula,</span> 
     </span>
     <span class='ocr_line' id='line_1_39' title="bbox 153 2483 730 2528; baseline -0.002 -10"><span class='ocrx_word' id='word_1_114' title='bbox 153 2484 196 2518; x_wconf 89' lang='lat' dir='ltr'>V.</span> <span class='ocrx_word' id='word_1_115' title='bbox 226 2483 371 2528; x_wconf 83' lang='lat' dir='ltr'>Dignum</span> <span class='ocrx_word' id='word_1_116' title='bbox 397 2485 519 2519; x_wconf 86' lang='lat' dir='ltr'>clamat</span> <span class='ocrx_word' id='word_1_117' title='bbox 541 2485 730 2527; x_wconf 81' lang='lat' dir='ltr'>praesulem</span> 
     </span>
     <span class='ocr_line' id='line_1_40' title="bbox 277 2533 694 2578; baseline 0.005 -10"><span class='ocrx_word' id='word_1_118' title='bbox 277 2533 384 2568; x_wconf 87' lang='lat' dir='ltr'>clerus</span> <span class='ocrx_word' id='word_1_119' title='bbox 411 2539 444 2568; x_wconf 86' lang='lat' dir='ltr'>et</span> <span class='ocrx_word' id='word_1_120' title='bbox 469 2545 549 2578; x_wconf 86' lang='lat' dir='ltr'>gens</span> <span class='ocrx_word' id='word_1_121' title='bbox 576 2535 694 2570; x_wconf 88' lang='lat' dir='ltr'>incola.</span> 
     </span>
    </p>
   </div>
   <div class='ocr_carea' id='block_1_11' title="bbox 878 273 1371 314">
    <p class='ocr_par' dir='ltr' id='par_1_12' title="bbox 878 273 1371 314">
     <span class='ocr_line' id='line_1_41' title="bbox 878 273 1371 314; baseline 0.004 -9"><span class='ocrx_word' id='word_1_122' title='bbox 878 273 913 306; x_wconf 86' lang='lat'>2.</span> <span class='ocrx_word' id='word_1_123' title='bbox 940 273 1008 306; x_wconf 86' lang='lat' dir='ltr'>Iam</span> <span class='ocrx_word' id='word_1_124' title='bbox 1034 273 1167 305; x_wconf 77' lang='lat' dir='ltr'>insudat</span> <span class='ocrx_word' id='word_1_125' title='bbox 1195 273 1371 314; x_wconf 83' lang='lat' dir='ltr'>vigilanter</span> 
     </span>
    </p>
   </div>
   <div class='ocr_carea' id='block_1_12' title="bbox 939 320 1430 558">
    <p class='ocr_par' dir='ltr' id='par_1_13' title="bbox 989 320 1298 363">
     <span class='ocr_line' id='line_1_42' title="bbox 989 320 1298 363; baseline 0.01 -11"><span class='ocrx_word' id='word_1_126' title='bbox 989 321 1151 361; x_wconf 86' lang='lat' dir='ltr'>praesulis</span> <span class='ocrx_word' id='word_1_127' title='bbox 1178 320 1298 363; x_wconf 86' lang='lat' dir='ltr'>officio,</span> 
     </span>
    </p>

    <p class='ocr_par' dir='ltr' id='par_1_14' title="bbox 939 369 1430 460">
     <span class='ocr_line' id='line_1_43' title="bbox 939 369 1430 414; baseline 0.006 -14"><span class='ocrx_word' id='word_1_128' title='bbox 939 369 1012 401; x_wconf 90' lang='lat' dir='ltr'>Non</span> <span class='ocrx_word' id='word_1_129' title='bbox 1040 379 1205 410; x_wconf 87' lang='lat' dir='ltr'>exponens</span> <span class='ocrx_word' id='word_1_130' title='bbox 1232 380 1267 402; x_wconf 86' lang='lat' dir='ltr'>se</span> <span class='ocrx_word' id='word_1_131' title='bbox 1293 372 1430 414; x_wconf 90' lang='lat' dir='ltr'>torpori,</span> 
     </span>
     <span class='ocr_line' id='line_1_44' title="bbox 989 420 1308 460; baseline 0.009 -12"><span class='ocrx_word' id='word_1_132' title='bbox 989 427 1029 449; x_wconf 88' lang='lat' dir='ltr'>ne</span> <span class='ocrx_word' id='word_1_133' title='bbox 1057 423 1204 458; x_wconf 82' lang='lat' dir='ltr'>tepescat</span> <span class='ocrx_word' id='word_1_134' title='bbox 1230 420 1308 460; x_wconf 87' lang='lat' dir='ltr'>otio,</span> 
     </span>
    </p>

    <p class='ocr_par' dir='ltr' id='par_1_15' title="bbox 939 466 1379 558">
     <span class='ocr_line' id='line_1_45' title="bbox 939 466 1379 500; baseline 0.007 -3"><span class='ocrx_word' id='word_1_135' title='bbox 939 466 993 498; x_wconf 91' lang='lat' dir='ltr'>Ad</span> <span class='ocrx_word' id='word_1_136' title='bbox 1021 476 1151 498; x_wconf 75' lang='lat' dir='ltr'>usuram</span> <span class='ocrx_word' id='word_1_137' title='bbox 1179 467 1304 499; x_wconf 81' lang='lat' dir='ltr'>tradita</span> <span class='ocrx_word' id='word_1_138' title='bbox 1331 471 1379 500; x_wconf 83' lang='lat' dir='ltr'>ta-</span> 
     </span>
     <span class='ocr_line' id='line_1_46' title="bbox 989 515 1376 558; baseline 0.005 -12"><span class='ocrx_word' id='word_1_139' title='bbox 989 515 1077 547; x_wconf 79' lang='lat' dir='ltr'>lenta</span> <span class='ocrx_word' id='word_1_140' title='bbox 1103 516 1156 553; x_wconf 76' lang='lat' dir='ltr'>(a)</span> <span class='ocrx_word' id='word_1_141' title='bbox 1182 516 1376 558; x_wconf 85' lang='lat' dir='ltr'>numulario,</span> 
     </span>
    </p>
   </div>
   <div class='ocr_carea' id='block_1_13' title="bbox 901 566 1443 605">
    <p class='ocr_par' dir='ltr' id='par_1_16' title="bbox 901 566 1443 605">
     <span class='ocr_line' id='line_1_47' title="bbox 901 566 1443 605; baseline 0 -8"><span class='ocrx_word' id='word_1_142' title='bbox 901 590 908 597; x_wconf 91' lang='lat'>.</span> <span class='ocrx_word' id='word_1_143' title='bbox 943 566 1032 604; x_wconf 80' lang='lat' dir='ltr'>Quae</span> <span class='ocrx_word' id='word_1_144' title='bbox 1058 570 1205 604; x_wconf 81' lang='lat' dir='ltr'>reportat</span> <span class='ocrx_word' id='word_1_145' title='bbox 1233 569 1443 605; x_wconf 82' lang='lat' dir='ltr'>augmentata</span> 
     </span>
    </p>
   </div>
   <div class='ocr_carea' id='block_1_14' title="bbox 989 613 1346 653">
    <p class='ocr_par' dir='ltr' id='par_1_17' title="bbox 989 613 1346 653">
     <span class='ocr_line' id='line_1_48' title="bbox 989 613 1346 653; baseline 0.003 -9"><span class='ocrx_word' id='word_1_146' title='bbox 989 613 1113 653; x_wconf 89' lang='lat' dir='ltr'>duplici</span> <span class='ocrx_word' id='word_1_147' title='bbox 1141 615 1346 646; x_wconf 87' lang='lat' dir='ltr'>commercio.</span> 
     </span>
    </p>
   </div>
   <div class='ocr_carea' id='block_1_15' title="bbox 905 691 1371 725">
    <p class='ocr_par' dir='ltr' id='par_1_18' title="bbox 905 691 1371 725">
     <span class='ocr_line' id='line_1_49' title="bbox 905 691 1371 725; baseline 0 -2"><span class='ocrx_word' id='word_1_148' title='bbox 905 716 912 723; x_wconf 95' lang='lat'>.</span> <span class='ocrx_word' id='word_1_149' title='bbox 942 691 984 724; x_wconf 90' lang='lat' dir='ltr'>Ut</span> <span class='ocrx_word' id='word_1_150' title='bbox 1013 691 1181 723; x_wconf 86' lang='lat' dir='ltr'>cuiusdam</span> <span class='ocrx_word' id='word_1_151' title='bbox 1210 692 1371 725; x_wconf 84' lang='lat' dir='ltr'>relevaret</span> 
     </span>
    </p>
   </div>
   <div class='ocr_carea' id='block_1_16' title="bbox 938 741 1452 974">
    <p class='ocr_par' dir='ltr' id='par_1_19' title="bbox 938 741 1452 974">
     <span class='ocr_line' id='line_1_50' title="bbox 989 741 1325 782; baseline 0.003 -11"><span class='ocrx_word' id='word_1_152' title='bbox 989 741 1144 780; x_wconf 69' lang='lat' dir='ltr'>pauperis</span> <span class='ocrx_word' id='word_1_153' title='bbox 1169 741 1325 782; x_wconf 75' lang='lat' dir='ltr'>inopiam,</span> 
     </span>
     <span class='ocr_line' id='line_1_51' title="bbox 938 790 1432 832; baseline 0.004 -12"><span class='ocrx_word' id='word_1_154' title='bbox 938 790 1007 830; x_wconf 80' lang='lat' dir='ltr'>Qua</span> <span class='ocrx_word' id='word_1_155' title='bbox 1035 799 1069 821; x_wconf 87' lang='lat' dir='ltr'>se</span> <span class='ocrx_word' id='word_1_156' title='bbox 1096 790 1187 832; x_wconf 82' lang='lat' dir='ltr'>tegit,</span> <span class='ocrx_word' id='word_1_157' title='bbox 1218 791 1315 822; x_wconf 81' lang='lat' dir='ltr'>vendi</span> <span class='ocrx_word' id='word_1_158' title='bbox 1343 790 1432 822; x_wconf 89' lang='lat' dir='ltr'>iubet</span> 
     </span>
     <span class='ocr_line' id='line_1_52' title="bbox 987 839 1440 880; baseline 0.004 -10"><span class='ocrx_word' id='word_1_159' title='bbox 987 843 1083 878; x_wconf 82' lang='lat' dir='ltr'>pater</span> <span class='ocrx_word' id='word_1_160' title='bbox 1109 844 1231 870; x_wconf 87' lang='lat' dir='ltr'>vestem</span> <span class='ocrx_word' id='word_1_161' title='bbox 1259 839 1440 880; x_wconf 78' lang='lat' dir='ltr'>propriam.</span> 
     </span>
     <span class='ocr_line' id='line_1_53' title="bbox 941 887 1452 921; baseline 0.004 -2"><span class='ocrx_word' id='word_1_162' title='bbox 941 887 1024 919; x_wconf 88' lang='lat' dir='ltr'>Dum</span> <span class='ocrx_word' id='word_1_163' title='bbox 1052 889 1217 920; x_wconf 80' lang='lat' dir='ltr'>remordet</span> <span class='ocrx_word' id='word_1_164' title='bbox 1245 889 1293 920; x_wconf 87' lang='lat' dir='ltr'>sui</span> <span class='ocrx_word' id='word_1_165' title='bbox 1322 888 1452 921; x_wconf 84' lang='lat' dir='ltr'>scribae</span> 
     </span>
     <span class='ocr_line' id='line_1_54' title="bbox 989 937 1371 974; baseline 0 -6"><span class='ocrx_word' id='word_1_166' title='bbox 989 946 1110 969; x_wconf 89' lang='lat' dir='ltr'>moram</span> <span class='ocrx_word' id='word_1_167' title='bbox 1138 942 1170 968; x_wconf 89' lang='lat' dir='ltr'>et</span> <span class='ocrx_word' id='word_1_168' title='bbox 1198 937 1371 974; x_wconf 78' lang='lat' dir='ltr'>desidium,</span> 
     </span>
    </p>
   </div>
   <div class='ocr_carea' id='block_1_17' title="bbox 900 984 1402 1028">
    <p class='ocr_par' dir='ltr' id='par_1_20' title="bbox 900 984 1402 1028">
     <span class='ocr_line' id='line_1_55' title="bbox 900 984 1402 1028; baseline 0 -10"><span class='ocrx_word' id='word_1_169' title='bbox 900 1011 907 1018; x_wconf 93' lang='lat'><strong>.</strong></span> <span class='ocrx_word' id='word_1_170' title='bbox 940 984 981 1019; x_wconf 88' lang='lat' dir='ltr'>In</span> <span class='ocrx_word' id='word_1_171' title='bbox 1008 990 1171 1018; x_wconf 81' lang='lat' dir='ltr'>momento</span> <span class='ocrx_word' id='word_1_172' title='bbox 1200 986 1249 1017; x_wconf 72' lang='lat' dir='ltr'>vir</span> <span class='ocrx_word' id='word_1_173' title='bbox 1272 987 1402 1028; x_wconf 84' lang='lat' dir='ltr'>ignotus</span> 
     </span>
    </p>
   </div>
   <div class='ocr_carea' id='block_1_18' title="bbox 991 1034 1346 1075">
    <p class='ocr_par' dir='ltr' id='par_1_21' title="bbox 991 1034 1346 1075">
     <span class='ocr_line' id='line_1_56' title="bbox 991 1034 1346 1075; baseline 0.003 -9"><span class='ocrx_word' id='word_1_174' title='bbox 991 1034 1086 1068; x_wconf 84' lang='lat' dir='ltr'>offert</span> <span class='ocrx_word' id='word_1_175' title='bbox 1111 1035 1182 1067; x_wconf 87' lang='lat' dir='ltr'>auri</span> <span class='ocrx_word' id='word_1_176' title='bbox 1209 1036 1346 1075; x_wconf 84' lang='lat' dir='ltr'>copiam.</span> 
     </span>
    </p>
   </div>
   <div class='ocr_carea' id='block_1_19' title="bbox 1033 1182 1344 1215">
    <p class='ocr_par' dir='ltr' id='par_1_22' title="bbox 1033 1182 1344 1215">
     <span class='ocr_line' id='line_1_57' title="bbox 1033 1182 1344 1215; baseline 0.003 -2"><span class='ocrx_word' id='word_1_177' title='bbox 1033 1183 1078 1214; x_wconf 90' lang='lat' dir='ltr'>In</span> <span class='ocrx_word' id='word_1_178' title='bbox 1107 1182 1344 1215; x_wconf 80' lang='lat' dir='ltr'>Laudibus.</span> 
     </span>
    </p>
   </div>
   <div class='ocr_carea' id='block_1_20' title="bbox 1089 1255 1291 1291">
    <p class='ocr_par' dir='ltr' id='par_1_23' title="bbox 1089 1255 1291 1291">
     <span class='ocr_line' id='line_1_58' title="bbox 1089 1255 1291 1291; baseline 0 -9"><span class='ocrx_word' id='word_1_179' title='bbox 1089 1255 1291 1291; x_wconf 76' lang='lat' dir='ltr'>Antiphonae.</span> 
     </span>
    </p>
   </div>
   <div class='ocr_carea' id='block_1_21' title="bbox 905 1338 1105 1372">
    <p class='ocr_par' dir='ltr' id='par_1_24' title="bbox 905 1338 1105 1372">
     <span class='ocr_line' id='line_1_59' title="bbox 905 1338 1105 1372; baseline -0.005 0"><span class='ocrx_word' id='word_1_180' title='bbox 905 1364 913 1372; x_wconf 90' lang='lat'><strong>.</strong></span> <span class='ocrx_word' id='word_1_181' title='bbox 942 1338 1105 1371; x_wconf 72' lang='lat' dir='ltr'>Invitatus</span> 
     </span>
    </p>
   </div>
   <div class='ocr_carea' id='block_1_22' title="bbox 938 1388 1326 1716">
    <p class='ocr_par' dir='ltr' id='par_1_25' title="bbox 941 1388 1326 1477">
     <span class='ocr_line' id='line_1_60' title="bbox 991 1388 1326 1428; baseline 0.006 -9"><span class='ocrx_word' id='word_1_182' title='bbox 991 1388 1033 1420; x_wconf 84' lang='lat' dir='ltr'>ad</span> <span class='ocrx_word' id='word_1_183' title='bbox 1057 1388 1168 1428; x_wconf 78' lang='lat' dir='ltr'>sponsi</span> <span class='ocrx_word' id='word_1_184' title='bbox 1196 1390 1326 1428; x_wconf 76' lang='lat' dir='ltr'>nuptias</span> 
     </span>
     <span class='ocr_line' id='line_1_61' title="bbox 941 1437 1164 1477; baseline -0.009 -7"><span class='ocrx_word' id='word_1_185' title='bbox 941 1437 1056 1470; x_wconf 83' lang='lat' dir='ltr'>Cultor</span> <span class='ocrx_word' id='word_1_186' title='bbox 1083 1437 1164 1477; x_wconf 80' lang='lat' dir='ltr'>agri,</span> 
     </span>
    </p>

    <p class='ocr_par' dir='ltr' id='par_1_26' title="bbox 938 1486 1263 1576">
     <span class='ocr_line' id='line_1_62' title="bbox 989 1486 1263 1525; baseline 0 -8"><span class='ocrx_word' id='word_1_187' title='bbox 989 1491 1083 1525; x_wconf 71' lang='lat' dir='ltr'>paror</span> <span class='ocrx_word' id='word_1_188' title='bbox 1112 1486 1263 1523; x_wconf 65' lang='lat' dir='ltr'>familias,</span> 
     </span>
     <span class='ocr_line' id='line_1_63' title="bbox 938 1535 1246 1576; baseline 0 -10"><span class='ocrx_word' id='word_1_189' title='bbox 938 1535 1020 1567; x_wconf 76' lang='lat' dir='ltr'>Nam</span> <span class='ocrx_word' id='word_1_190' title='bbox 1051 1536 1246 1576; x_wconf 78' lang='lat' dir='ltr'>depromens</span> 
     </span>
    </p>

    <p class='ocr_par' dir='ltr' id='par_1_27' title="bbox 941 1584 1258 1666">
     <span class='ocr_line' id='line_1_64' title="bbox 988 1584 1258 1617; baseline 0 -2"><span class='ocrx_word' id='word_1_191' title='bbox 988 1586 1095 1617; x_wconf 82' lang='lat' dir='ltr'>carnis</span> <span class='ocrx_word' id='word_1_192' title='bbox 1123 1584 1258 1617; x_wconf 84' lang='lat' dir='ltr'>exuvias</span> 
     </span>
     <span class='ocr_line' id='line_1_65' title="bbox 941 1634 1166 1666; baseline 0.004 -1"><span class='ocrx_word' id='word_1_193' title='bbox 941 1634 1037 1665; x_wconf 69' lang='lat' dir='ltr'>Vitae</span> <span class='ocrx_word' id='word_1_194' title='bbox 1064 1634 1166 1666; x_wconf 84' lang='lat' dir='ltr'>stolas</span> 
     </span>
    </p>

    <p class='ocr_par' dir='ltr' id='par_1_28' title="bbox 987 1684 1260 1716">
     <span class='ocr_line' id='line_1_66' title="bbox 987 1684 1260 1716; baseline 0.004 -2"><span class='ocrx_word' id='word_1_195' title='bbox 987 1685 1085 1715; x_wconf 88' lang='lat' dir='ltr'>sumit</span> <span class='ocrx_word' id='word_1_196' title='bbox 1113 1684 1260 1716; x_wconf 63' lang='lat' dir='ltr'>eximias</span> 
     </span>
    </p>
   </div>
   <div class='ocr_carea' id='block_1_23' title="bbox 900 1763 1178 1796">
    <p class='ocr_par' dir='ltr' id='par_1_29' title="bbox 900 1763 1178 1796">
     <span class='ocr_line' id='line_1_67' title="bbox 900 1763 1178 1796; baseline -0.004 -1"><span class='ocrx_word' id='word_1_197' title='bbox 900 1788 906 1795; x_wconf 91' lang='lat'>.</span> <span class='ocrx_word' id='word_1_198' title='bbox 937 1763 1022 1796; x_wconf 85' lang='lat' dir='ltr'>Dum</span> <span class='ocrx_word' id='word_1_199' title='bbox 1046 1764 1178 1795; x_wconf 78' lang='lat' dir='ltr'>triturat</span> 
     </span>
    </p>
   </div>
   <div class='ocr_carea' id='block_1_24' title="bbox 935 1813 1300 2142">
    <p class='ocr_par' dir='ltr' id='par_1_30' title="bbox 935 1813 1300 2142">
     <span class='ocr_line' id='line_1_68' title="bbox 987 1813 1300 1854; baseline 0.003 -11"><span class='ocrx_word' id='word_1_200' title='bbox 987 1822 1123 1844; x_wconf 82' lang='lat' dir='ltr'>messem</span> <span class='ocrx_word' id='word_1_201' title='bbox 1152 1813 1184 1844; x_wconf 92' lang='lat' dir='ltr'>in</span> <span class='ocrx_word' id='word_1_202' title='bbox 1213 1821 1300 1854; x_wconf 79' lang='lat' dir='ltr'>area,</span> 
     </span>
     <span class='ocr_line' id='line_1_69' title="bbox 938 1862 1196 1901; baseline -0.004 -7"><span class='ocrx_word' id='word_1_203' title='bbox 938 1862 1063 1894; x_wconf 86' lang='lat' dir='ltr'>Fructu</span> <span class='ocrx_word' id='word_1_204' title='bbox 1091 1862 1196 1901; x_wconf 87' lang='lat' dir='ltr'>replet</span> 
     </span>
     <span class='ocr_line' id='line_1_70' title="bbox 989 1911 1274 1953; baseline 0 -10"><span class='ocrx_word' id='word_1_205' title='bbox 989 1911 1119 1944; x_wconf 83' lang='lat' dir='ltr'>Domini</span> <span class='ocrx_word' id='word_1_206' title='bbox 1146 1911 1274 1953; x_wconf 81' lang='lat' dir='ltr'>horrea,</span> 
     </span>
     <span class='ocr_line' id='line_1_71' title="bbox 938 1961 1171 2001; baseline 0.004 -9"><span class='ocrx_word' id='word_1_207' title='bbox 938 1961 1040 1993; x_wconf 61' lang='lat' dir='ltr'>faula</span> <span class='ocrx_word' id='word_1_208' title='bbox 1067 1961 1171 2001; x_wconf 78' lang='lat' dir='ltr'>lupos⁷</span> 
     </span>
     <span class='ocr_line' id='line_1_72' title="bbox 987 2011 1271 2051; baseline 0 -10"><span class='ocrx_word' id='word_1_209' title='bbox 987 2011 1101 2051; x_wconf 71' lang='lat' dir='ltr'>vulpes</span> <span class='ocrx_word' id='word_1_210' title='bbox 1128 2022 1147 2041; x_wconf 70' lang='lat' dir='ltr'>a</span> <span class='ocrx_word' id='word_1_211' title='bbox 1174 2011 1271 2042; x_wconf 77' lang='lat' dir='ltr'>vinea</span> 
     </span>
     <span class='ocr_line' id='line_1_73' title="bbox 935 2061 1212 2093; baseline 0 -1"><span class='ocrx_word' id='word_1_212' title='bbox 935 2061 1039 2092; x_wconf 89' lang='lat' dir='ltr'>Arcet</span> <span class='ocrx_word' id='word_1_213' title='bbox 1066 2063 1212 2093; x_wconf 72' lang='lat' dir='ltr'>tractans</span> 
     </span>
     <span class='ocr_line' id='line_1_74' title="bbox 985 2109 1244 2142; baseline 0 -1"><span class='ocrx_word' id='word_1_214' title='bbox 985 2118 1076 2142; x_wconf 82' lang='lat' dir='ltr'>arma</span> <span class='ocrx_word' id='word_1_215' title='bbox 1103 2109 1244 2141; x_wconf 85' lang='lat' dir='ltr'>siderea.</span> 
     </span>
    </p>
   </div>
   <div class='ocr_carea' id='block_1_25' title="bbox 902 2188 1159 2222">
    <p class='ocr_par' dir='ltr' id='par_1_31' title="bbox 902 2188 1159 2222">
     <span class='ocr_line' id='line_1_75' title="bbox 902 2188 1159 2222; baseline -0.012 0"><span class='ocrx_word' id='word_1_216' title='bbox 902 2215 908 2222; x_wconf 92' lang='lat'><strong><em>.</em></strong></span> <span class='ocrx_word' id='word_1_217' title='bbox 938 2189 983 2222; x_wconf 91' lang='lat' dir='ltr'>Ut</span> <span class='ocrx_word' id='word_1_218' title='bbox 1009 2198 1044 2220; x_wconf 87' lang='lat' dir='ltr'>se</span> <span class='ocrx_word' id='word_1_219' title='bbox 1071 2188 1159 2221; x_wconf 79' lang='lat' dir='ltr'>videt</span> 
     </span>
    </p>
   </div>
   <div class='ocr_carea' id='block_1_26' title="bbox 939 2238 1379 2619">
    <p class='ocr_par' dir='ltr' id='par_1_32' title="bbox 939 2238 1329 2324">
     <span class='ocr_line' id='line_1_76' title="bbox 987 2238 1329 2270; baseline 0.003 -1"><span class='ocrx_word' id='word_1_220' title='bbox 987 2247 1006 2269; x_wconf 84' lang='lat' dir='ltr'>a</span> <span class='ocrx_word' id='word_1_221' title='bbox 1033 2238 1155 2270; x_wconf 86' lang='lat' dir='ltr'>mundo</span> <span class='ocrx_word' id='word_1_222' title='bbox 1183 2238 1329 2270; x_wconf 81' lang='lat' dir='ltr'>exsulem</span> 
     </span>
     <span class='ocr_line' id='line_1_77' title="bbox 939 2287 1212 2324; baseline 0 -5"><span class='ocrx_word' id='word_1_223' title='bbox 939 2287 1036 2324; x_wconf 79' lang='lat' dir='ltr'>Fore,</span> <span class='ocrx_word' id='word_1_224' title='bbox 1065 2292 1212 2320; x_wconf 70' lang='lat' dir='ltr'>sanctum</span> 
     </span>
    </p>

    <p class='ocr_par' dir='ltr' id='par_1_33' title="bbox 939 2336 1291 2427">
     <span class='ocr_line' id='line_1_78' title="bbox 989 2336 1291 2378; baseline 0 -10"><span class='ocrx_word' id='word_1_225' title='bbox 989 2337 1079 2378; x_wconf 82' lang='lat' dir='ltr'>eligit</span> <span class='ocrx_word' id='word_1_226' title='bbox 1107 2336 1291 2376; x_wconf 82' lang='lat' dir='ltr'>praesulem</span> 
     </span>
     <span class='ocr_line' id='line_1_79' title="bbox 939 2385 1167 2427; baseline -0.004 -9"><span class='ocrx_word' id='word_1_227' title='bbox 939 2385 990 2418; x_wconf 90' lang='lat' dir='ltr'>Ne</span> <span class='ocrx_word' id='word_1_228' title='bbox 1017 2386 1167 2427; x_wconf 80' lang='lat' dir='ltr'>luporum</span> 
     </span>
    </p>

    <p class='ocr_par' dir='ltr' id='par_1_34' title="bbox 939 2430 1379 2524">
     <span class='ocr_line' id='line_1_80' title="bbox 988 2430 1379 2480; baseline -0.008 -12"><span class='ocrx_word' id='word_1_229' title='bbox 988 2435 1021 2468; x_wconf 89' lang='lat' dir='ltr'>in</span> <span class='ocrx_word' id='word_1_230' title='bbox 1049 2445 1176 2468; x_wconf 83' lang='lat' dir='ltr'>morsus</span> <span class='ocrx_word' id='word_1_231' title='bbox 1203 2430 1379 2480; x_wconf 86' lang='lat' dir='ltr'>[trucium]</span> 
     </span>
     <span class='ocr_line' id='line_1_81' title="bbox 939 2484 1272 2524; baseline -0.009 -6"><span class='ocrx_word' id='word_1_232' title='bbox 939 2484 1030 2518; x_wconf 83' lang='lat' dir='ltr'>Grex</span> <span class='ocrx_word' id='word_1_233' title='bbox 1051 2486 1085 2517; x_wconf 88' lang='lat' dir='ltr'>in</span> <span class='ocrx_word' id='word_1_234' title='bbox 1111 2493 1272 2524; x_wconf 84' lang='lat' dir='ltr'>praeceps</span> 
     </span>
    </p>

    <p class='ocr_par' dir='ltr' id='par_1_35' title="bbox 989 2530 1274 2577">
     <span class='ocr_line' id='line_1_82' title="bbox 989 2530 1274 2577; baseline -0.004 -11"><span class='ocrx_word' id='word_1_235' title='bbox 989 2533 1102 2567; x_wconf 83' lang='lat' dir='ltr'>effluat</span> <span class='ocrx_word' id='word_1_236' title='bbox 1129 2530 1274 2577; x_wconf 53' lang='lat' dir='ltr'>[ovium]</span> 
     </span>
    </p>

    <p class='ocr_par' dir='ltr' id='par_1_36' title="bbox 1270 2590 1329 2619">
     <span class='ocr_line' id='line_1_83' title="bbox 1270 2590 1329 2619; baseline 0.017 -1"><span class='ocrx_word' id='word_1_237' title='bbox 1270 2590 1329 2619; x_wconf 73' lang='lat'>13*</span> 
     </span>
    </p>
   </div>
  </div>
 </body>
</html>
