1650 2727
689 168 733 174 —
787 147 953 183 150-

183 244 244 276 2a.
275 242 402 277 Novum
428 244 552 285 signum

179 598 198 628 3
210 605 239 628 a.

181 974 240 1005 421.

177 1246 236 1278 5a.

180 1567 240 1598 6a.

175 2218 236 2250 8a.

176 2396 238 2428 92.

274 292 388 326 Laude
415 294 544 334 dignum

277 343 428 375 Imitatur
454 343 614 383 mirabile,

475 423 534 454 20.
563 422 646 454 Dum
674 421 834 463 implevit,

559 471 651 511 Quod
679 471 834 511 decrevit,

881 245 945 280 2b.

974 245 1153 287 Incarnari,

975 294 1101 327 Mundo
1129 293 1199 326 dari

1027 343 1126 376 Caelo
1140 342 1227 374 misit
1243 341 1377 374 verbum
1391 343 1497 382 pater,

610 520 719 551 Virum
746 519 952 552 circumdans
978 518 1104 551 mulier.

268 595 402 628 Florum
428 595 497 634 flos,

270 645 433 677 Virtutum
462 645 530 683 dos,

269 693 368 735 Virgo
395 703 468 725 rosa

270 743 438 781 Formosa,

272 791 321 823 Tu
349 792 424 824 vitis
449 790 624 829 fructuosa,

271 839 388 872 Absint
417 849 475 880 por
502 845 532 870 te
561 840 682 878 dolosa,

321 889 482 928 Absterge
509 889 598 922 vitia.

271 971 396 1010 Gaude,
424 972 532 1003 Mater
559 970 730 1013 mirabiliS,

314 1023 402 1061 Quae
429 1022 460 1051 in
489 1020 659 1060 scripturis

316 1070 357 1101 Et
386 1069 497 1109 figuris

270 1117 390 1158 Fulges
417 1117 625 1158 venerabilis,

267 1166 473 1206 Spectabilis.

265 1243 314 1275 De
341 1249 448 1276 monte
475 1244 544 1275 sine
571 1243 718 1276 manibus

265 1292 363 1334 Lapis
390 1293 470 1324 mire
497 1292 750 1332 praescinditur,

315 1342 396 1374 Nam
427 1342 465 1372 de
489 1342 613 1373 fiscella

312 1393 341 1422 A
369 1391 478 1430 puella

265 1438 394 1479 Moyses
422 1439 579 1470 educitur.

267 1487 359 1519 Vitae
387 1489 494 1519 datur.

270 1565 443 1598 Terrarum

266 1613 460 1646 Nostrarum

316 1663 403 1695 Fons
430 1663 538 1703 rigans
565 1661 764 1703 superficies,

318 1712 367 1744 Ex
384 1716 414 1743 te
430 1717 559 1743 nostrae
571 1711 685 1743 salutis
695 1719 785 1753 spes,

367 1762 459 1792 Velut
490 1761 530 1791 de
556 1760 659 1800 pratis

364 1809 548 1849 Voluptatis

414 1858 548 1890 Fluvius
575 1857 752 1898 egreditur,

410 1907 497 1939 Fons
523 1907 675 1939 laeditur.

267 1991 316 2022 Tu
342 1992 410 2022 veri
437 1990 616 2022 Salomonis

265 2039 429 2072 Eburneis
455 2035 519 2084 [in]
547 2039 672 2071 thronis

263 2089 352 2128 Apta
379 2088 505 2120 coronis

314 2138 408 2170 Hanc
434 2136 648 2177 plebeculam,

265 2217 435 2258 Implorat,
463 2215 517 2255 qui
543 2215 706 2256 cognoscit

264 2265 306 2298 Se
332 2275 432 2306 reum,
462 2269 493 2295 et
521 2263 667 2305 deposcit.

312 2316 377 2348 Per
403 2318 434 2346 te
459 2312 628 2345 sublimari

266 2394 345 2427 Cum
374 2393 471 2434 digne
498 2392 539 2424 de
565 2396 597 2424 te
622 2391 695 2432 fari,

263 2443 309 2475 Te
336 2442 484 2476 venerari

311 2493 382 2526 Non
410 2491 513 2532 valeo,

881 596 944 629 3b.

881 970 946 1004 4b.

875 1243 937 1277 5b.

879 1564 943 1597 6b.

972 596 1048 629 Sola
1073 604 1147 636 spes

972 645 1020 677 Tu
1047 645 1141 677 nobis
1168 653 1213 684 es,

971 693 1109 726 Doctrix
1133 703 1258 725 morum

972 742 1146 782 Bonorum,

975 790 1126 823 Solamen
1153 795 1376 832 peccatorum,

974 839 1130 872 Iuvamen
1156 839 1361 879 miserorum,

1023 889 1086 920 Pro
1111 888 1205 920 nobis
1233 889 1392 930 supplica.

976 970 1089 1004 Rubus
1115 970 1236 1002 ardens
1265 980 1329 1003 non
1354 971 1472 1013 uritur,

1022 1020 1107 1052 Dum
1134 1020 1393 1062 impraegnatur,

1019 1068 1231 1100 Fecundatur

971 1117 1094 1149 parens
1122 1116 1184 1148 viri
1210 1117 1331 1158 nescia,

976 1165 1070 1206 Virgo
1096 1166 1160 1206 pia.

967 1243 1103 1284 Lignum
1129 1243 1221 1284 aquis
1247 1244 1465 1284 immergitur,

966 1292 1098 1325 Marath
1126 1292 1240 1324 dulcor
1267 1292 1466 1332 infunditur,

1017 1341 1101 1373 Nam
1128 1350 1262 1373 servans
1292 1351 1374 1374 urna

1016 1390 1084 1422 Nos
1117 1390 1233 1422 diurna

971 1439 1057 1471 Pane
1085 1440 1171 1470 vitae
1198 1448 1372 1480 praepara,
1412 1433 1416 1439 “

971 1487 1133 1520 Salvifica

972 1564 1144 1597 Servorum

969 1613 1111 1646 Tuorum

875 2214 940 2249 8b.

874 2391 937 2426 9b.

1019 1663 1136 1694 Preces
1162 1663 1303 1706 benigne
1327 1664 1468 1709 suscipe,

1018 1712 1129 1744 Mater
1154 1713 1410 1752 misericordiae,

1070 1761 1207 1793 Placaus
1235 1763 1353 1794 iratum

1069 1810 1185 1842 Redde
1211 1815 1338 1852 gratum

1113 1859 1492 1894 Nostrumministerium

1113 1907 1284 1943 Deificum.

969 1991 1067 2023 Porta
1093 1991 1288 2034 Ezechielis,

966 2039 1014 2071 Tu
1042 2040 1132 2071 lacus
1158 2040 1315 2083 Danielis,

1018 2089 1125 2130 Casta,
1153 2088 1273 2130 fidelis,

1018 2138 1067 2169 Tu
1093 2137 1205 2169 mundi
1233 2138 1374 2172 domina.

966 2216 1019 2248 Ab
1044 2216 1117 2248 imis
1143 2216 1186 2248 ad
1212 2225 1375 2260 suprema,

969 2263 1118 2298 Caeleste
1143 2264 1291 2298 diadema

1017 2314 1083 2347 Ora
1107 2313 1202 2346 nobis
1229 2315 1312 2349 dari.

965 2392 1109 2433 Respice
1135 2392 1298 2435 affectum,

968 2441 1054 2474 Cura
1082 2440 1256 2485 defectum,

1015 2492 1172 2524 Juvamen
1199 2493 1370 2532 praestito.
