1650 2727
674 149 936 185 -162—

146 239 178 274 3.
204 241 390 277 Amicorum

253 290 352 324 Fides
378 294 439 326 iam
466 295 607 339 vacillat,

204 339 247 372 Et
272 340 385 374 titillat
410 352 466 376 cor
492 353 601 377 eorum

252 390 400 424 Adutans
427 391 567 436 fallacia,

205 437 284 471 Cum
310 441 462 483 propinat
487 442 531 474 fel
557 452 617 483 pro
644 444 738 475 melle

253 488 316 520 Per
343 489 440 522 verba
463 492 664 532 praedulcia,

204 537 267 570 Ore
293 537 450 577 plaudant
477 546 506 572 et
534 540 743 580 applaudant

251 586 319 618 Sibi
346 597 404 628 per
430 590 579 627 convitia,

205 634 309 667 Corde
335 637 499 677 fraudant
527 638 734 678 meditando,

250 684 341 717 Haec
365 695 452 718 nunc
476 688 629 719 amicitia.

845 250 877 282 4.
904 247 1005 289 Audi,
1032 245 1091 288 fin,

951 296 1080 328 Morum
1108 296 1324 337 disciplinam

903 344 947 376 Et
974 343 1165 376 doctrinam
1191 343 1373 377 Salomonis

949 393 1134 425 Attcndeus
1161 402 1218 424 cor
1241 392 1375 430 inclina,

902 441 946 474 Ut
972 450 1106 473 securus
1132 440 1306 473 salvatoris

951 489 1105 530 Sequaris
1131 488 1287 528 vestigia;

902 538 992 570 Time
1019 538 1133 577 Deum,
1162 538 1256 577 placa
1283 545 1367 575 eum,

951 588 1058 628 Purga
1084 595 1202 618 noxam
1228 585 1375 625 lacrima,

903 637 1036 668 Praesto
1062 635 1106 666 sis
1134 639 1166 666 et
1192 643 1250 666 ora
1276 643 1360 672 eunt,

952 685 996 718 Ut
1027 684 1124 716 ducat
1151 683 1191 715 ad
1218 684 1349 724 gandia.

206 771 278 798 Piae
300 770 461 800 cantiones
490 771 564 800 1552
587 771 636 798 sol.
660 773 686 799 K
710 770 728 798 6
749 780 765 798 a
789 782 830 808 sq.
852 771 1035 807 (Kleniming
1057 770 1108 801 1v,
1133 767 1192 804 29.)
1212 784 1249 789 -
1271 768 1298 799 3v
1320 767 1338 797 3
1359 769 1480 807 frangat

131 814 233 846 eaptus
254 810 386 848 plangat.
410 828 447 831 -—
469 810 497 846 3,
522 812 533 839 1
557 820 600 847 sq.
627 812 714 838 Fides
737 813 909 838 anticorum.

519 946 577 976 196.
621 945 661 976 De
685 944 871 984 temporum
893 942 1081 982 Iniquitate.

142 1037 172 1071 1.
199 1035 354 1068 Ieremiae
382 1036 572 1075 prophetiae

251 1085 350 1117 Stilus
378 1093 458 1116 nove
486 1086 640 1125 pingitur,

201 1133 424 1169 Hierarchiae,
453 1135 564 1165 matris
592 1134 676 1172 piae,

248 1182 316 1213 Vox
344 1184 375 1213 iu
403 1182 505 1214 Rama
531 1183 672 1222 gignitur

200 1230 352 1264 Ululatus
379 1235 409 1262 et
433 1231 578 1270 ploratus

251 1279 332 1311 Prae
359 1288 504 1311 maerore
532 1279 627 1319 filiae,

201 1327 282 1360 Nam
310 1328 425 1360 affatus
452 1337 511 1359 nec
538 1328 659 1360 solatus

252 1376 344 1408 Hanc
371 1377 420 1408 vir
446 1382 492 1408 est
521 1377 719 1410 clementiae.

143 1466 173 1497 2.
202 1464 283 1496 Nam
312 1463 462 1496 Rachelis
490 1473 567 1505 gens
595 1465 738 1496 crudelis

250 1513 367 1544 Natum
396 1513 491 1544 sudat
519 1518 675 1550 sternere,

202 1562 326 1598 Ventis,
355 1562 445 1599 velis,
474 1562 599 1593 fraudis
626 1562 700 1593 telis

249 1611 397 1651 Quosque
425 1610 490 1642 vult
518 1610 688 1650 perimere,

204 1659 297 1692 Nunc
323 1663 503 1699 raptorum,
530 1664 729 1699 exactorum,

252 1708 310 1746 Qui
338 1709 467 1748 placent
493 1709 525 1739 in
552 1708 651 1746 curia,

203 1757 414 1790 Dominoruni
442 1766 669 1797 oppressorum

251 1805 382 1837 Tollunt
411 1814 461 1836 res
489 1815 558 1836 cuni
585 1804 680 1838 furia.

843 1037 873 1068 3.
903 1034 1008 1067 Fraus
1036 1034 1180 1066 Herodis
1207 1035 1319 1074 pravis
1347 1035 1452 1067 modis

952 1084 1027 1116 Toti
1054 1088 1162 1116 terrae
1188 1084 1340 1124 imperat,

903 1133 1019 1164 Fidem
1046 1131 1178 1174 frangit,
1206 1137 1321 1173 captus
1337 1132 1476 1176 plangit,

953 1182 1046 1213 Nova
1073 1181 1125 1213 lex
1153 1186 1340 1222 exsuperat,

904 1230 1011 1262 Maior
1039 1231 1125 1262 cedit
1152 1235 1183 1261 et
1211 1229 1335 1271 obedit,

953 1279 1063 1311 Minor
1090 1288 1197 1311 senem
1226 1280 1344 1320 arguit,

902 1328 1051 1360 Schisma
1079 1328 1177 1365 cedit,
1206 1328 1385 1360 retrocedit

952 1377 1032 1417 Lex,
1059 1386 1141 1416 quae
1168 1377 1258 1417 prius
1286 1378 1421 1419 placuit.

867 1492 874 1498 .
905 1464 1010 1497 Poena
1035 1465 1129 1502 iacet,
1162 1465 1258 1505 culpa
1284 1466 1393 1505 placet

953 1514 1068 1550 Cleris,
1097 1515 1212 1551 servis,
1242 1514 1392 1555 dominis,

904 1563 985 1594 Iusti
1015 1563 1147 1603 degunt,
1177 1563 1268 1595 stulti
1295 1569 1413 1604 regunt

952 1611 1084 1644 Cunctis
1112 1612 1223 1643 mundi·
1253 1612 1410 1655 terminis,

903 1660 1128 1701 Conculratur,
1158 1667 1334 1693 enervatur

952 1710 1065 1741 Clesus
1093 1717 1125 1741 et
1152 1710 1278 1750 religio,

903 1759 1054 1796 Quisnam
1080 1760 1175 1790 scivit
1205 1761 1254 1791 vel
1282 1760 1413 1792 audivit

951 1808 1010 1839 'l'ot
1039 1808 1125 1839 rivos
1151 1818 1169 1840 a
1198 1809 1294 1840 vitio!

207 1892 279 1920 Piae
303 1894 463 1919 (fruitiones
494 1891 567 1919 1552
595 1893 645 1921 fol,
669 1894 692 1920 L
719 1892 738 1920 4
759 1902 777 1920 a
798 1903 862 1931 sqq.
883 1894 1067 1930 (Kleniming
1090 1896 1146 1928 1V,
1174 1893 1233 1930 26.)
1254 1911 1291 1915 —
1313 1897 1356 1924 Zu
1377 1896 1436 1926 Str.
1458 1894 1478 1925 3

130 1943 157 1960 u.
179 1933 197 1960 4
221 1933 256 1959 cf.
279 1933 351 1959 Inui
379 1941 490 1958 veru<
521 1933 633 1959 amor!

520 2067 577 2097 197.
619 2067 661 2098 De
685 2067 868 2106 Temporum
891 2067 1076 2107 Iniquitate.

142 2162 198 2193 la.
226 2160 331 2191 Verus
357 2167 448 2191 amor
474 2158 664 2199 exspiravit,

227 2210 295 2242 Pax
320 2209 354 2240 in
381 2206 476 2238 terris
503 2207 675 2245 exsulavit,

276 2257 367 2289 Patri
392 2255 501 2297 proles
527 2255 677 2296 imperat.

140 2351 200 2382 la.
228 2346 344 2380 Fidem
372 2343 460 2377 fraus
486 2344 680 2383 incarcerat,

227 2397 361 2429 Famam
386 2395 496 2434 lingua
518 2393 651 2431 lacerat,

226 2446 346 2486 Regem
373 2453 431 2477 rex
458 2446 642 2484 exsuperat,

228 2494 359 2529 Plebem
386 2492 479 2534 plebs
506 2491 679 2532 vituperat.

839 2159 900 2193 lb.
928 2159 1047 2200 Legem
1076 2160 1170 2192 dolus
1197 2160 1412 2203 impugnavit,

927 2208 1029 2240 Totus
1054 2209 1194 2240 mundus
1220 2217 1254 2240 se
1281 2213 1429 2251 mutavit,

977 2256 1071 2288 Nova
1095 2257 1151 2290 lex
1177 2264 1363 2298 exsuperat.

838 2343 902 2376 2b.
930 2344 1047 2377 Omnes
1074 2343 1188 2376 muudi
1213 2346 1345 2378 semitas

928 2393 1107 2432 Occupavit
1135 2392 1274 2433 novitas,

929 2441 1077 2481 Vanitas‚
1103 2441 1270 2481 iniquitas,

930 2490 1058 2523 Guerra
1084 2490 1135 2523 vel
1161 2490 1337 2524 hostilitas.
