1650 2727
737 163 782 168 —
837 142 1002 178 159—

646 422 708 454 192.
752 423 794 454 De
816 421 962 454 Fallacia
985 422 1099 454 Mundi.

202 543 232 575 1.
258 542 401 583 Insignis
428 546 479 574 est
504 541 619 583 figura,

308 591 410 631 Quam
437 591 605 623 adinvenit
633 591 730 632 aries,

260 639 457 672 Cunctorum
484 638 544 671 fios
571 649 770 681 camporum,

307 688 468 721 Mundum
503 690 652 721 vocando
679 689 831 732 vetulam,

357 737 481 770 Gressu
508 737 705 781 mirabilem,

256 846 421 887 Ambigua
446 850 585 885 statura,

307 895 405 928 Cuius
433 905 551 936 rugosa
578 895 691 936 facies,

256 946 430 985 Asperitas
458 944 677 977 membrorum

307 994 402 1027 Vitae
427 994 611 1034 praesentis
638 992 814 1027 formulam

356 1043 521 1075 Monstrat
547 1042 746 1076 instabilem.

259 1150 394 1184 Constat
423 1151 547 1182 cunctis
575 1151 756 1182 certissime

308 1201 377 1233 Iam
405 1200 502 1231 toties
527 1203 708 1240 expertum,

257 1250 350 1289 Quod
379 1247 493 1282 defluit
520 1248 702 1281 certissime

306 1298 422 1330 Finem
447 1298 572 1330 habens
597 1299 783 1337 incertum·⁷

260 1347 353 1380 Hanc
379 1357 456 1388 ergo
483 1348 600 1380 credas
628 1345 784 1387 fabulam,

357 1397 438 1430 Rem
465 1400 529 1428 tam
558 1396 789 1437 probabilem?

224 1550 231 1557 .
258 1524 284 1557 O
311 1534 409 1565 quam
435 1523 539 1556 multa,
564 1523 739 1565 promittit,

310 1573 455 1615 Longam
483 1573 592 1612 vitam,
624 1572 767 1613 divitias,

260 1622 406 1655 Favores
433 1625 466 1654 et
491 1623 650 1661 honores;

311 1672 460 1705 Tandem
486 1672 520 1703 in
546 1671 611 1704 fine
639 1670 761 1712 decipit

359 1721 406 1754 Te
432 1719 630 1754 fallibiliter.

264 1829 348 1862 Nam
374 1829 496 1862 nudum
523 1833 556 1862 te
584 1829 720 1862 dimittit

309 1879 364 1912 Ad
391 1879 550 1911 maximas
576 1878 736 1920 miserias,

261 1928 402 1961 Dolores
428 1932 459 1960 et
486 1928 652 1969 horrores,

311 1977 439 2019 Corpus
471 1978 549 2010 dum
584 1982 674 2010 terra
699 1977 838 2019 suscipit

362 2027 609 2061 Miserabiliter.

263 2135 432 2169 Possessio
460 2136 678 2177 disrumpitur

312 2185 462 2218 Heredes
489 2195 549 2226 per
575 2185 735 2227 carnales,

263 2233 308 2266 Et
333 2236 443 2267 anima
469 2234 672 2276 demergitur

312 2283 367 2316 Ad
393 2293 516 2326 poenas
541 2283 732 2324 infernales,

265 2331 366 2374 Scito,
393 2333 466 2374 quis
491 2334 555 2366 ista
582 2332 702 2373 recipit

362 2383 431 2416 Iam
458 2383 540 2415 satis
567 2382 723 2424 graviter.

911 545 943 577 3.
972 543 1074 582 Quam
1102 544 1201 575 miser
1227 553 1271 582 es,
1300 553 1409 581 avare,

1020 593 1080 632 Qui
1108 602 1171 624 non
1199 593 1247 624 vis
1275 594 1343 625 Deo
1369 593 1504 625 credere

972 641 1040 673 Nec
1067 642 1099 672 in
1128 650 1198 672 eum
1226 650 1370 681 sperare,

1019 690 1079 729 Qui
1108 689 1216 729 diligis
1244 690 1396 721 terrestia

1069 739 1234 778 Spernens
1262 738 1428 771 caelestia.

968 846 1130 879 Praedico
1157 846 1219 877 tibi
1247 847 1346 886 clare,

1016 895 1108 935 Quod
1138 896 1202 927 cito
1232 896 1332 928 debes
1358 896 1511 936 perdere7

967 945 1057 985 Quae
1085 954 1266 985 congregas
1294 954 1402 983 avare,

1017 995 1126 1035 Teque
1153 1003 1225 1025 cum
1258 993 1415 1025 violentia

1066 1043 1167 1075 Tollit
1194 1052 1280 1074 mors
1308 1042 1420 1081 impia.

969 1150 1149 1189 versutias,
1178 1150 1314 1181 astutias

1018 1199 1183 1231 Persolvis
1210 1208 1280 1230 cum
1308 1208 1406 1229 usura

968 1249 1047 1282 Post
1076 1248 1245 1288 carnisque
1274 1247 1421 1288 delicias,

1017 1298 1106 1337 Quae
1132 1297 1282 1337 possides
1309 1305 1382 1328 cum
1411 1305 1500 1336 cura,

970 1347 1126 1379 Traheris
1155 1347 1197 1378 ad
1226 1346 1389 1388 supplicia

1071 1396 1208 1436 Semper
1234 1395 1408 1429 manentia.

936 1551 942 1557 .
971 1523 1006 1555 Si
1032 1528 1141 1555 tamen
1169 1523 1217 1554 vis
1244 1522 1367 1554 salvari

1020 1572 1154 1605 Innixus
1185 1572 1306 1604 Christi
1333 1571 1501 1614 sanguine,

972 1621 1056 1654 Dum
1086 1626 1214 1662 tempus
1242 1621 1443 1663 indulgetur,

1021 1671 1157 1703 Pietatis
1185 1671 1339 1713 operibus

1068 1721 1157 1753 Iusta
1185 1719 1340 1752 fideliter.

974 1830 1166 1863 Misericors
1192 1829 1316 1870 placari

1026 1880 1123 1911 Pater
1151 1883 1259 1918 potest
1284 1878 1454 1921 facillime,

973 1927 1007 1961 Si
1034 1933 1141 1960 taimen
1167 1933 1321 1960 exoretur

1023 1980 1103 2011 Cum
1130 1977 1274 2009 lacrimis
1300 1982 1333 2009 et
1357 1977 1525 2019 precibus,

1073 2026 1235 2059 Flectitur
1263 2027 1414 2059 dulciter.

974 2135 1057 2168 Nam
1086 2135 1114 2166 si
1141 2144 1317 2167 conversus
1345 2134 1446 2167 fueris

1023 2184 1130 2217 Corde
1157 2185 1253 2217 simul
1280 2189 1311 2216 et
1339 2193 1395 2216 ore

975 2234 1110 2275 'suaque
1137 2234 1242 2266 libens
1270 2234 1402 2266 dederis

1025 2283 1146 2316 Divino
1174 2293 1246 2315 cum
1272 2291 1393 2325 amore,

976 2332 1061 2365 Vere
1087 2342 1157 2364 cum
1185 2333 1307 2364 sanctis
1334 2332 1484 2364 omnibus

1075 2382 1176 2414 Vives
1204 2381 1356 2416 feliciter.

270 2509 344 2538 Piae
366 2509 530 2540 Cantiones
551 2508 628 2539 1582
648 2509 699 2538 fol.
721 2510 748 2538 L
768 2507 788 2538 8
809 2518 836 2538 a.
857 2508 1042 2548 (Klemming
1063 2509 1115 2543 1V,
1138 2507 1196 2543 22.)
