1650 2727
741 141 1006 177 —171—

210 237 244 271 3.
273 237 460 279 convivari,
921 243 954 274 4.
981 241 1077 273 Felix
1104 241 1210 284 ludus,

272 286 346 320 Non
374 286 502 321 tristari
980 290 1019 322 In
1045 299 1108 330 quo
1134 290 1240 322 nudus

322 336 418 370 Iubet
443 337 496 368 lex
523 336 556 368 in
585 338 727 378 saeculo,
1031 338 1196 372 Scholaris
1225 339 1413 371 verberibus

271 385 455 426 consolari,
980 386 1053 419 Nou
1081 387 1260 419 succumbit

269 434 449 467 Iucundari
983 435 1053 467 Nec
1080 436 1245 468 decumbit

322 483 463 516 Mandat
489 482 637 516 Bacchus
665 484 797 525 populo.
1032 484 1186 525 Magistri
1213 484 1380 519 livoribus,

566 560 622 594 R⁰
649 561 749 602 Ergo,
778 562 894 602 gaude,

647 610 773 642 Plaude
800 610 908 650 laude,

694 659 810 692 Contio
837 659 1055 700 scholarium;

645 708 671 741 Ο
699 707 726 739 si
751 708 828 746 tale,

644 757 736 796 Tale,
764 757 830 788 tale

693 805 830 846 Semper
857 811 943 837 esset
969 806 1140 846 gaudium!

270 885 434 912 Cantiones
456 884 529 912 Piae
563 882 638 912 1582
664 885 714 912 fol.
737 885 768 912 M
797 883 814 912 4
842 885 860 912 b
890 894 933 921 sq.
954 882 1138 921 (Klemming
1162 884 1218 917 IV,
1247 883 1305 915 63.)
1333 902 1367 904 —
1400 883 1445 912 ΒΟ
1475 885 1551 912 steht

190 924 291 952 hinter
313 924 372 952 Str.
394 923 421 952 2.

623 1013 687 1046 210.
731 1015 773 1046 De
797 1014 951 1056 Tempore
974 1014 1119 1046 Vernali.

206 1099 237 1130 1.
265 1097 302 1129 In
330 1096 458 1130 vernali
487 1099 634 1136 tempore
917 1099 949 1130 2.
979 1097 1082 1129 Terra
1109 1097 1194 1129 viret
1220 1095 1355 1128 floribus

315 1146 398 1179 Ortu
424 1145 626 1178 laetabundo
1029 1146 1073 1178 Et
1100 1154 1212 1177 nemus
1241 1146 1360 1184 virore,

263 1195 349 1227 Dum
378 1194 538 1227 recedunt
565 1193 699 1236 frigora,
976 1197 1065 1228 Aves
1092 1194 1236 1227 mulcent
1263 1194 1412 1226 cantibus

314 1244 453 1276 Nuntiat
479 1243 640 1276 hirundo:
1025 1244 1069 1276 Et
1097 1244 1186 1276 vocis
1215 1243 1358 1276 dulcore.

264 1293 400 1335 Terrae,
428 1293 539 1333 maris,
565 1293 710 1325 nemoris
976 1295 1073 1334 Aqua
1101 1292 1349 1333 tempestatibus

265 1342 375 1375 Decus
401 1343 497 1375 adest
521 1341 644 1374 deforis
977 1344 1087 1381 Caret,
1116 1352 1172 1375 aer
1199 1341 1369 1379 imbribus,

315 1392 486 1424 Renovato
512 1392 644 1434 mundo,
1027 1392 1121 1424 Dulci
1149 1391 1265 1431 plenus
1290 1401 1372 1433 rore,

264 1441 368 1484 Vigor
395 1441 482 1474 redit
509 1441 668 1482 corporis,
975 1441 1031 1474 Sol
1060 1441 1262 1480 consumptis
1290 1440 1430 1472 nubibus

265 1490 362 1524 Cedit
389 1490 483 1524 dolor
509 1490 652 1530 pectoris
976 1491 1090 1523 Radiis
1117 1489 1307 1532 patentibus

316 1540 479 1582 Tempore
504 1539 660 1572 iucundo.
1023 1540 1124 1571 Lucet
1155 1548 1226 1570 cum
1255 1538 1399 1572 dulcore.

580 1620 612 1652 3.
641 1618 667 1651 Ο
694 1628 790 1659 quam
817 1618 900 1650 mira
926 1618 1043 1660 gloria,

691 1669 838 1709 Quantus
866 1667 965 1700 decor
990 1667 1064 1708 Dei,

641 1718 769 1758 Quanta
795 1717 1041 1758 resplendentia

690 1766 774 1799 Suae
801 1765 908 1807 faciei,

641 1817 672 1849 A
699 1825 762 1857 qno
789 1816 911 1848 ducunt
938 1816 1048 1848 omnia

641 1866 722 1905 Ima,
749 1875 885 1903 summa,
912 1865 1021 1898 media

688 1915 842 1947 Formam
869 1915 1008 1956 speciei!

639 1964 748 1997 Maior
774 1968 825 1996 est
849 1965 1007 1997 distantia

641 2014 744 2054 Quam
771 2014 815 2046 sit
842 2013 1028 2047 differentia

688 2063 803 2096 Noctis
831 2068 864 2096 et
891 2063 967 2096 diei.

266 2143 430 2172 Cantiones
451 2143 526 2170 Piae
551 2139 627 2170 1582
648 2142 698 2170 fol.
721 2143 748 2171 N
769 2139 788 2169 2
811 2142 829 2170 b
851 2151 895 2178 sq.
915 2142 1102 2177 (Klemming
1123 2139 1175 2172 IV,
1197 2137 1256 2172 81.)

618 2273 676 2304 211.
718 2271 762 2304 De
784 2272 938 2313 Tempore
960 2271 1107 2303 Vernuli.

200 2361 232 2393 1.
260 2358 404 2398 Tempus
430 2356 526 2390 adest
550 2355 716 2396 floridum,
974 2355 1058 2395 Hoc,
1084 2353 1171 2395 quod
1199 2351 1303 2393 frigus
1329 2351 1483 2390 laeserat,

315 2410 453 2449 surgunt
477 2415 617 2447 namque
643 2404 752 2443 flores,
1021 2405 1178 2445 reparant
1204 2402 1340 2439 colores,

263 2455 422 2489 vernales
445 2455 478 2488 in
505 2454 656 2488 omnibus
973 2454 1144 2487 Cernimus
1170 2451 1232 2483 hoc
1258 2449 1329 2482 fieri

310 2505 483 2539 imitantur
508 2513 627 2545 mores,
1021 2511 1082 2544 per
1108 2500 1227 2534 multos
1252 2499 1394 2532 labores.
