1650 2727
130 245 187 281 11.
213 246 265 279 Ex
290 247 362 280 istis
390 248 532 289 colligite

213 296 333 338 Vitam,
359 306 454 338 quam
482 297 607 339 diligite

260 344 405 387 Semper,
432 346 626 389 clericalem,

213 394 344 435 Singula
370 399 561 436 pertranseo

211 444 272 483 Ita,
299 445 384 484 quod
409 453 494 476 nunc
518 445 628 478 nescio

259 492 402 526 Similem
429 493 479 525 vel
505 494 613 526 talem.

211 542 276 574 Vos
303 542 379 575 estis
405 543 438 574 in
464 543 570 575 medio

212 590 330 623 Libero
355 591 491 624 arbitrio

258 639 331 672 Rite
357 640 570 678 considentes,

211 689 382 729 Postquam
410 690 590 725 senueritis,

208 737 399 770 Sacerdotes
425 738 515 770 eritis

255 786 323 826 Deo
349 788 536 819 servientes.

651 149 915 186 -166—

828 249 883 283 12.
909 248 970 289 Qui
995 247 1029 280 in
1055 247 1154 280 terris
1180 247 1351 290 proprium

909 297 1086 336 Linquunt,
1113 296 1346 336 patrimonium

958 345 1091 383 Habent
1116 345 1284 387 spiritale3

909 395 1115 435 Quapropter
1139 393 1281 426 sollicite

908 444 994 476 Date
1020 452 1134 484 preces
1161 442 1271 475 debite

958 493 1097 533 Propter
1125 492 1242 524 donum
1271 491 1346 524 tale.

908 542 983 582 Ipse
1009 551 1066 573 vos
1092 541 1135 574 ad
1161 541 1277 582 gaudia

906 590 1099 622 Transferat
1127 590 1283 622 caelestia

956 639 1113 672 Precibus
1139 639 1301 679 placatus,

908 688 972 721 Ubi
1001 689 1070 720 sine
1097 689 1236 720 termino

906 737 1069 777 Hymnum
1099 736 1185 768 canit
1211 736 1350 769 Domino

955 786 1099 826 Populus
1126 785 1250 817 beatus.

187 883 259 910 Piae
281 882 440 910 Cantiones
464 882 537 910 1582
559 883 608 910 fol.
631 883 655 909 L
678 882 724 911 6b
747 892 810 918 sqq.
838 898 875 902 ——
903 882 1086 918 (Klemming¹
1107 882 1163 913 IV,
1194 880 1230 908 58
1252 881 1293 916 ff.)
1315 895 1351 899 —
1375 880 1406 914 1,
1433 878 1451 908 8

112 921 244 959 Vesperi.
265 938 302 942 —-
323 921 350 955 5,
375 921 409 949 10
430 927 586 957 nequeunt.

524 1046 594 1076 202.
639 1046 680 1077 De
703 1045 800 1077 Vitiis
821 1045 1029 1077 Scholarium.

149 1149 179 1182 1.
208 1147 373 1180 castitatis
402 1148 577 1189 speculum,

251 1194 430 1235 ScholareS,
459 1201 574 1237 amate,

207 1245 436 1285 Relinquentes
463 1245 626 1277 saeculum

251 1293 386 1326 Scholas
413 1292 626 1333 frequentate,

203 1344 378 1376 Puerorum
407 1342 599 1380 rudimenta,

251 1391 380 1431 Precor,
408 1396 443 1422 ut
469 1392 582 1423 colatis

204 1440 247 1472 Et
275 1440 428 1472 virtutum
455 1439 654 1471 incrementa

252 1488 380 1521 Summe
408 1488 561 1528 diligatis.

145 1589 178 1620 2.
206 1586 312 1619 Boetii
338 1585 445 1618 studia

249 1634 366 1667 Iubent
391 1643 541 1666 amovere

203 1684 339 1716 Veneris
365 1682 516 1715 incendia

251 1732 320 1764 Nec
345 1734 378 1764 in
405 1732 454 1763 his
482 1732 624 1773 gaudere

203 1782 400 1814 Assumatur
424 1790 484 1821 pro
510 1780 660 1820 exemplo

253 1830 423 1863 Lucretiae
450 1835 555 1867 natus,

204 1879 394 1920 Corrigatur
419 1879 465 1910 sic
492 1877 654 1917 extemplo

250 1928 405 1960 Iuvenilis
432 1932 545 1959 status

143 2029 176 2062 3.
204 2023 533 2060 Commessationibus

253 2075 328 2114 Sed,
358 2075 431 2113 heu,
454 2073 518 2105 iam
545 2078 744 2114 assuescunt,

204 2125 276 2157 Suis
304 2122 497 2156 lectionibus

251 2173 387 2206 Omnino
416 2175 628 2212 marcescunt,

201 2222 290 2256 Sicut
319 2230 415 2254 causa
440 2224 471 2251 et
499 2221 621 2253 causati

251 2271 292 2303 Se
319 2271 509 2310 contingunt
535 2269 639 2309 sedes,

202 2321 256 2354 Sic
282 2324 357 2352 sunt
385 2319 532 2352 Bacchus
559 2317 720 2350 foederati

249 2371 357 2410 Atque
385 2368 604 2409 Ganymedes.

182 2468 256 2496 Piae
278 2467 441 2494 Cantiones
472 2463 545 2494 1582
573 2465 622 2492 sol.

98 2510 246 2536 aeternae.

841 1150 872 1180 4.
902 1147 1068 1178 Intricatis
1097 1147 1234 1179 vestium

951 1195 1105 1227 Gaudent
1130 1195 1331 1227 ornamentis

900 1243 941 1275 Et
969 1253 1098 1276 suorum
1127 1244 1263 1276 crinium

948 1292 1064 1324 Torvis
1091 1293 1289 1333 polimentis,

901 1341 1015 1373 Gulam
1041 1351 1132 1373 suam
1160 1341 1316 1373 decorare

950 1391 1038 1422 Fuco
1064 1392 1312 1431 concupiscunt,

901 1438 1129 1478 Magistratum
1153 1439 1314 1472 honorare

950 1488 1049 1520 Pauci
1073 1488 1137 1521 iam
1163 1489 1351 1522 addiscunt.

848 1588 879 1618 5.
907 1584 1077 1617 Tabulatis
1104 1585 1222 1617 calceis

952 1635 1109 1666 Incedunt
1137 1634 1215 1666 elati

904 1683 947 1715 Et
973 1684 1005 1715 in
1033 1683 1264 1715 semircirculis

953 1731 1079 1772 Gyrant
1106 1737 1141 1763 ut
1167 1731 1291 1771 inflati3

906 1781 1029 1813 Nolunt
1056 1781 1176 1812 scholis
1204 1781 1364 1813 interesse

953 1829 1096 1870 Trupbis
1123 1829 1296 1866 inhiantes,

904 1879 968 1911 Sed
992 1879 1147 1911 festinant
1176 1879 1228 1911 hic
1257 1879 1373 1912 abesse

952 1929 1052 1960 Vanis
1079 1927 1294 1962 ambulantes.

844 2027 874 2059 6.
903 2026 991 2057 Vitia
1019 2026 1212 2067 dementiae,

952 2074 1135 2115 ScholareS,
1163 2075 1286 2116 fugate,

907 2123 1047 2156 Nectare
1073 2124 1230 2156 scientiae

954 2173 976 2202 V
981 2182 1017 2205 os
1041 2172 1213 2215 inebriate,

903 2222 986 2253 Toto
1014 2223 1085 2253 nisu
1111 2223 1273 2254 custodite

951 2271 1081 2303 Morum
1108 2270 1306 2314 honestates,

904 2321 951 2354 Ut
977 2324 1131 2351 aeternae
1157 2320 1250 2352 vobis
1277 2321 1364 2354 vitae

951 2368 1079 2400 Dentur
1106 2368 1293 2408 dignitates

644 2464 670 2492 L
696 2463 714 2492 5
742 2465 760 2492 b
788 2473 852 2502 sqq.
873 2465 1057 2502 (Klemming
1077 2465 1132 2497 lv,
1161 2465 1220 2500 45.)
1245 2481 1284 2485 —
1312 2465 1342 2502 6,
1372 2466 1390 2497 7
1410 2468 1453 2496 Et
