1650 2727
700 140 941 176 „22ss

186 240 218 272 3.
245 238 315 270 Iam
342 241 417 270 sunt
443 238 530 270 dicta
884 243 915 273 4.
944 240 1071 272 Primus
1096 239 1205 271 Adam

294 286 456 328 completa
480 286 725 328 prophetarum,
990 289 1023 320 in
1048 292 1152 320 morte
1178 296 1236 320 nos
1259 286 1450 328 prostravit,

246 336 393 377 Namque
419 336 512 368 nobis
945 337 1112 370 Secundus
1139 337 1191 369 hic

292 394 437 426 propago
463 384 643 417 divinarum
992 386 1034 419 ad
1062 387 1160 418 vitam
1187 385 1365 426 reparavit,

246 435 348 467 Deum
376 440 485 466 natum
945 435 1081 468 Carnem
1108 439 1269 474 sumptam

295 487 434 516 testatur
459 483 705 522 seripturarum,
992 484 1074 516 miro
1099 485 1196 516 modo
1223 483 1343 523 beavit,

245 532 337 573 Quod
363 541 433 564 curn
461 531 561 564 caede
943 534 1044 574 Quam
1070 532 1113 565 ad
1141 533 1289 564 dextram

295 581 382 614 saius
409 585 457 612 est
483 580 674 612 animarum.
994 580 1109 613 summi
1135 581 1239 621 patris
1265 579 1397 612 locavit.

294 630 393 670 Virgo
421 629 601 671 virginibus
994 630 1086 668 Quod
1113 629 1221 662 reddit
1248 629 1371 662 aditum

296 679 432 719 Dignior
457 678 615 716 omnibus,
994 679 1058 710 Per
1083 682 1210 719 gustum
1237 678 1413 718 perditum,

295 726 566 759 subvenientibus
994 726 1065 759 Non
1092 725 1152 758 fuit
1180 727 1322 759 debitum

296 776 393 809 Salva
418 784 476 807 nos
503 774 665 815 precibus.
995 776 1052 807 Vel
1081 781 1226 808 nostrum
1253 776 1417 817 meritum,

344 824 429 857 Laus
458 827 489 855 et
514 824 628 864 gratia.
1045 823 1110 856 Sed
1136 825 1205 856 sola
1231 824 1347 865 gratia.

632 890 686 923 R⁰
713 891 777 923 Dat
804 891 923 932 gaudia

715 939 874 972 Caelestia

715 988 796 1020 Sunt
822 989 946 1028 pervia,

714 1037 751 1068 ln
778 1037 885 1076 patria

716 1085 806 1116 Patet
833 1086 897 1125 via,

716 1133 868 1171 Perfidia,

715 1182 885 1221 Superbia,

716 1232 865 1263 Potentia

764 1279 875 1311 Hostis
903 1278 1080 1322 frangitur3

717 1328 872 1359 Introitns

717 1377 777 1408 Est
806 1376 965 1416 redditus,

718 1426 786 1457 Rex
813 1425 939 1466 genitus

717 1473 910 1506 Humanitus

716 1523 779 1555 Dat
805 1522 923 1565 aditus,

714 1572 758 1603 Et
785 1570 943 1611 perditus,

718 1620 896 1659 Expositus

715 1668 769 1701 Ad
795 1668 942 1709 gemitus,

766 1716 871 1749 Homo
898 1717 1045 1750 solvitur.

234 1805 324 1840 Trop.
348 1814 400 1831 ms.
423 1804 617 1831 Martialense
640 1813 715 1831 saec.
742 1801 787 1831 12.
810 1803 879 1831 cod.
901 1804 1030 1831 Parisin.
1052 1801 1138 1831 3719.
1165 1819 1195 1822 —
1218 1802 1245 1835 ⁸2,
1269 1803 1302 1832 11
1320 1804 1497 1833 Perdiderat

156 1853 287 1880 reg-num.
313 1858 347 1863 ω-
369 1842 402 1873 3,
435 1841 469 1871 13
491 1843 570 1870 Laus
593 1843 768 1880 zweisilbig.
791 1857 828 1861 —
855 1842 888 1875 4,
911 1842 927 1870 7
950 1844 1044 1876 Quem
1066 1843 1112 1870 ad.
1134 1857 1173 1861 —
1196 1841 1229 1874 4,
1259 1842 1276 1870 9
1298 1844 1366 1877 Qui.
1389 1858 1426 1862 —
1449 1841 1497 1872 ΒΟ

156 1883 331 1911 wiederhoit
352 1883 415 1910 sich
435 1883 512 1909 nach
530 1882 613 1916 jeder
628 1882 770 1918 stropha
791 1891 845 1909 vor
867 1880 921 1915 ΗΟ,
944 1880 957 1908 1
982 1883 1021 1909 Et
1041 1883 1147 1917 gratia,
1169 1890 1232 1908 was
1246 1882 1312 1910 dem
1328 1883 1497 1918 Rhythmus

157 1924 275 1958 zufolge
298 1922 483 1958 nberfliissig,
506 1921 571 1948 dem
594 1922 686 1948 Sinne
708 1920 785 1948 nach
807 1921 993 1948 entbehrlich
1016 1923 1064 1948 ist.

598 2037 623 2066 7.
665 2037 699 2068 In
724 2035 901 2067 Nativitate
924 2034 1055 2067 Domini.

174 2121 204 2153 1.
233 2119 355 2152 Lumen
382 2119 485 2159 patris
512 2118 727 2159 resplenduit,
930 2118 1081 2151 Humana
1107 2127 1182 2151 caro
1208 2116 1318 2151 floruit

281 2168 431 2200 Exsultet
458 2167 560 2199 omnis
588 2168 736 2207 mundus,
979 2168 1017 2200 In
1044 2166 1205 2200 hominem
1231 2169 1420 2204 secundum,

234 2217 321 2250 Deus
348 2223 441 2248 natus
468 2220 517 2248 est
543 2216 651 2258 hodie,
929 2217 1031 2256 Quam
1056 2217 1179 2256 primus
1205 2225 1325 2256 parens
1352 2218 1462 2258 posuit

284 2266 332 2300 Sit
357 2266 451 2298 homo
476 2265 703 2298 laetabundus.
980 2265 1112 2298 Doloris
1137 2265 1171 2297 in
1197 2265 1405 2307 profundum.

567 2332 622 2366 R⁰
642 2334 679 2366 In
707 2333 825 2374 gaudio

641 2382 690 2415 Sit
717 2383 834 2421 contio,

642 2431 803 2464 Sollennis
830 2431 1009 2465 modulatio

641 2482 750 2521 Atque
775 2481 892 2514 mentis
918 2480 1060 2514 devotio.
