1650 2727
242 275 300 308 35.

241 1077 297 1110 10.

216 1666 347 1695 Collect.
370 1675 423 1694 ms.
438 1666 591 1703 Augiense
608 1676 686 1694 saec.
699 1665 755 1695 7l8.
772 1667 835 1697 Cod
858 1667 1072 1696 Carolsruhan.
1087 1667 1164 1704 Aug.
1177 1666 1242 1696 253.
1275 1668 1391 1696 Daraus
1408 1669 1508 1702 Mona,

143 1705 339 1735 Lateinische
369 1705 431 1733 und
458 1705 646 1742 griechische
674 1707 811 1741 Messen,
840 1708 1004 1735 Franksurt
1031 1716 1057 1734 a.
1088 1708 1127 1735 M.
1166 1706 1254 1739 1850,
1284 1710 1314 1735 s.
1342 1706 1440 1736 :30-35.
1473 1726 1509 1729 —

142 1748 165 1774 Ι.
191 1745 204 1774 1
228 1746 305 1774 obis.
327 1760 366 1764 —-
386 1744 404 1774 2
426 1754 544 1782 pensas.
566 1760 605 1765 -—
625 1747 665 1774 11.
687 1744 706 1774 3
729 1746 840 1775 Plecte.
863 1761 900 1766 —
922 1745 940 1775 8
962 1747 1142 1775 vindemiae.
1165 1762 1202 1765 —
1219 1747 1274 1775 111.
1298 1746 1316 1774 3
1339 1752 1447 1776 reatus.
1473 1764 1508 1767 —

140 1785 193 1814 lv.
233 1785 245 1813 l
270 1785 352 1821 quod
373 1786 471 1813 funus.
497 1800 533 1804 —
556 1784 574 1812 5
596 1785 743 1814 libamini.
766 1801 803 1805 —
826 1786 861 1813 V.
884 1785 902 1814 5
924 1796 1031 1814 serere.
1055 1802 1093 1806 —
1117 1787 1165 1814 VI.
1188 1786 1205 1814 8
1228 1786 1293 1813 sola
1316 1796 1369 1815 nec
1393 1792 1508 1815 suetae-

140 1835 237 1863 quora
264 1824 360 1860 fudit3
388 1825 438 1853 die
467 1825 573 1853 Silben
594 1834 651 1853 nur
671 1825 768 1854 salech
788 1826 965 1855 verbunden
985 1835 1046 1853 von
1066 1827 1167 1854 Mone.
1187 1841 1225 1844 —
1250 1824 1284 1853 13
1309 1832 1449 1854 moveret.
1471 1844 1508 1848 —

142 1864 178 1893 14
199 1866 265 1894 neci
287 1873 373 1901 quos.
397 1879 436 1884 --
454 1863 489 1893 19
505 1865 597 1893 solus.
616 1880 652 1884 ——
667 1862 705 1892 23
720 1864 807 1900 Quod
825 1866 932 1893 iudice.
948 1881 982 1886 -ν-
1003 1864 1040 1893 25
1059 1866 1220 1894 carnalem.
1238 1880 1273 1884 —
1291 1864 1328 1893 26
1344 1868 1507 1902 ingenium.

142 1920 180 1924 —
201 1903 240 1934 29
261 1904 404 1942 proderit.
430 1921 464 1924 —
493 1903 532 1933 30
553 1904 601 1932 Da
624 1906 748 1933 semina.
771 1920 809 1924 —
830 1903 868 1933 32
890 1906 1072 1941 manipolus.
1094 1919 1132 1925 --
1160 1903 1197 1933 36
1221 1906 1410 1942 Virtutisque
1433 1910 1509 1934 toas.

141 1960 179 1964 —
194 1946 263 1973 VII.
285 1942 305 1971 4
324 1947 471 1981 praestas.
494 1961 532 1964 —
555 1942 573 1971 5
596 1946 734 1972 maxime.
754 1961 787 1964 —
806 1945 888 1973 VIII.
911 1944 929 1973 2
949 1945 1217 1973 fehlerhaftertder
1233 1946 1400 1973 entstellter
1417 1944 1507 1977 Vers2

145 1985 201 2013 lies
230 1988 312 2013 tutor
334 1985 456 2021 opime?
484 1999 522 2004 —-
543 1981 562 2012 3
584 1985 725 2012 virtutem
749 1989 914 2022 paternam.
938 2000 971 2004 -
997 1983 1014 2012 6
1038 1986 1095 2020 Qui
1118 1990 1248 2021 repatur.
1272 1999 1308 2004 ——
1331 1987 1388 2013 Die
1411 1986 1510 2014 Messe

139 2026 180 2053 ist
215 2026 247 2053 iu
279 2023 331 2052 der
359 2025 463 2053 Weise
495 2024 547 2052 der
580 2024 685 2061 lingua
718 2027 832 2053 rustica
859 2025 1066 2061 geschrieben.
1116 2025 1176 2052 Fiir
1205 2026 1287 2052 diese
1317 2027 1381 2053 rein
1410 2026 1509 2053 ortho-

142 2063 345 2102 graphischen
374 2065 537 2098 Lesarten,
567 2064 615 2092 die
643 2065 697 2093 der
726 2065 825 2093 Messe
850 2065 1012 2099 jedenfalls
1042 2065 1125 2092 nicht
1155 2065 1367 2101 urspriinglich
1391 2066 1508 2102 oignon,

142 2104 222 2132 muts
244 2103 298 2132 auf
315 2104 407 2132 Mone
429 2103 449 2131 l.
470 2113 496 2131 c.
517 2105 686 2133 verwiesen
706 2105 836 2132 werden.

697 178 963 213 —201—

328 275 395 308 Per
420 284 515 316 quem
543 278 660 308 cuncta
687 275 759 315 tibi,
787 285 872 318 quae
898 279 974 309 sunt
1001 277 1163 319 caelestia,
1192 286 1324 319 semper

328 324 544 365 virtutesque
570 327 686 357 tonant
712 333 807 357 sacro
831 324 1052 357 modulamine
1079 334 1220 365 carmen,

327 370 627 416 Ang(e)lorumque
655 372 772 405 chorus
800 377 955 406 resonant
982 373 1031 405 his
1059 374 1193 406 vocibus
1222 374 1398 418 hymnum3

325 422 538 462 Quaesumus,
565 424 601 452 ut
627 421 741 455 iubeas
768 431 853 454 nunc
880 432 938 455 nos
965 423 1080 455 audire
1107 429 1272 462 canentes,

325 469 371 502 Et
397 469 459 502 tibi
484 470 551 502 sint
576 470 720 511 placitae
747 470 873 511 laudes,
902 480 975 503 cum
1003 471 1141 503 dicimus
1168 471 1259 504 istas.

553 567 629 600 VII.
665 567 768 601 Alia
803 569 1091 601 contestatio.

326 634 480 677 Dignum,
507 643 644 675 aequum
664 644 703 668 ac
720 635 839 668 iustum
860 641 920 679 est,
949 636 1008 668 tibi
1027 646 1096 679 nos,
1126 636 1190 677 pie,
1211 636 1362 679 clangere
1382 638 1504 672 laudes.

324 683 409 723 Lux,
438 684 501 723 via,
529 683 608 723 vita,
638 685 747 723 decus,
776 693 862 726 spes,
892 684 976 725 fons,
1004 690 1104 724 sator,
1133 685 1270 725 arbiter,
1299 692 1424 727 auctor,

324 732 452 771 Gratia,
482 733 633 774 dulcedo,
661 733 835 775 sapientia,
863 734 978 775 gloria,
1007 744 1152 775 regnum7

324 782 385 821 Qui
412 781 482 814 sine
509 782 674 823 principio
701 787 840 823 perstas,
868 784 938 815 sine
966 783 1029 815 tine
1056 791 1116 824 per
1142 793 1268 823 aevum,

324 831 424 864 Cuius
452 831 559 864 trinus
586 841 671 872 apex
698 833 813 864 statuit
840 833 903 864 tria
932 833 1073 864 maxima
1101 842 1228 866 rerum:

324 880 390 920 Sol,
419 879 508 920 luna,
535 884 641 923 astra,
668 882 764 922 polus
792 882 967 914 radiarunt
994 882 1115 914 lumine
1143 882 1312 924 mundum,

321 930 424 970 Fons,
452 938 563 971 pecuS‚
593 930 706 971 herba,
736 929 845 963 frutex
873 935 979 963 terras
1008 932 1149 964 variavit
1177 932 1309 974 honore,

324 978 440 1016 Piscis,
469 979 604 1018 concha,
635 980 731 1022 lapis,
760 981 819 1021 sal,
849 990 962 1013 murex
990 990 1129 1021 aequora
1156 981 1308 1020 complet,

325 1027 380 1060 Sic
406 1026 581 1067 hominem,
609 1029 748 1069 genitor,
776 1028 900 1061 finxisti
927 1030 1049 1062 ductile
1076 1029 1153 1062 limo

325 1077 434 1118 Atque
461 1075 649 1110 reformasti
675 1082 749 1120 post
776 1078 913 1110 crimina
940 1078 1029 1110 fonte
1055 1079 1197 1118 lavacri,

320 1125 418 1158 Unde
445 1125 505 1158 tibi
532 1126 662 1170 merito,
690 1136 799 1159 rerum
825 1126 927 1167 Deus,
954 1137 1018 1160 una
1046 1128 1182 1166 triades,

319 1173 464 1207 Vocibus
491 1175 648 1215 angelicis
677 1175 757 1208 haec
781 1177 927 1209 earmina
954 1181 1068 1209 sancta
1095 1177 1269 1210 resultant.

590 1274 684 1307 VIII.
721 1274 826 1306 Post
861 1275 1063 1309 Sanetus.

320 1343 407 1375 Vere
434 1342 606 1382 terribilis,
633 1346 776 1381 sanctus,
806 1345 1013 1386 metuendus,
1043 1344 1214 1385 amandus,

320 1391 490 1434 Conditor,
519 1392 712 1432 instructor,
741 1393 941 1433 moderator,
969 1397 1067 1437 tutor,
1097 1398 1262 1434 operator,

318 1441 378 1481 Qui
405 1441 575 1482 proprium
605 1442 761 1485 genitum,
791 1451 851 1483 per
877 1451 972 1482 quem
999 1443 1121 1474 virtute
1148 1446 1286 1484 paterna

319 1490 412 1522 Tunc
439 1490 659 1522 adulescentis
687 1489 837 1523 formasti
865 1491 1003 1525 exordia
1029 1492 1153 1531 mundi,

321 1539 458 1571 Mittere
485 1540 565 1572 sede
593 1540 659 1580 poli
690 1540 819 1572 demum
848 1541 1002 1584 dignatus
1030 1550 1063 1572 es
1091 1540 1176 1579 orbi,

324 1588 383 1628 Qui
413 1593 588 1629 reparator
615 1589 709 1622 adest
736 1594 923 1622 nostrarum
951 1588 1038 1632 [lux]
1066 1591 1261 1622 animarum.

581 2229 630 2261 82.
673 2228 698 2262 Ε
720 2229 816 2261 Missa
839 2228 1064 2261 Amin-osiana.

750 2300 914 2329 Praefatio.

318 2393 469 2434 Aequum
498 2396 530 2424 et
558 2392 704 2424 salutare
732 2400 791 2423 nos
819 2390 879 2422 tibi
907 2390 1048 2423 reddere
1075 2395 1196 2434 grates,

337 2440 374 2486 Ο]
404 2441 453 2475 vis
481 2442 580 2481 trina,
608 2441 698 2473 Deus
725 2436 916 2485 [clemens-‚L
944 2443 1034 2472 sator
1060 2440 1182 2481 optime
1212 2450 1332 2479 rerum,

318 2437 373 2536 ἕο]
403 2491 458 2534 qui
485 2493 604 2524 cuncta
631 2485 726 2534 [tuis]
753 2489 899 2531 propriis
925 2489 1070 2533 animata
1094 2488 1207 2531 figuris

320 2541 452 2574 Artifici
479 2548 631 2573 sermone
658 2538 741 2572 facis
769 2539 823 2580 qui
852 2541 885 2570 et
911 2537 999 2571 facta
1027 2548 1214 2581 conservas,
