1650 2727
616 598 1016 672 Nachtrag.

600 810 640 841 De
662 810 804 851 Quinque
828 810 1036 850 Martyribus.

270 905 315 937 In
354 904 385 936 1.
424 903 648 944 vesperis,
987 905 1053 937 Ad
1080 905 1357 938 Matutiuum.

360 971 564 1008 Antiphonae.
1058 974 1282 1000 Invitatorium.

154 1054 186 1085 1.
213 1052 409 1085 Torrentem
434 1061 494 1092 per
520 1051 715 1091 martyrium
924 1052 995 1084 Rex
1022 1058 1204 1093 martyrum
1231 1058 1262 1085 et
1290 1055 1483 1094 praemium,

261 1101 411 1142 Quinque
439 1101 591 1133 Fratrum
621 1100 786 1133 Minorum
974 1102 1124 1135 Christus
1152 1102 1237 1134 laete
1265 1103 1429 1136 laudetur.

213 1151 338 1191 Adepti
365 1154 441 1182 sunt
466 1149 664 1182 consortium
927 1152 991 1184 Pro
1018 1162 1080 1192 quo
1106 1153 1261 1185 Fratrum
1291 1153 1463 1194 collegium

263 1200 459 1233 Caelestium
487 1199 712 1240 splendorum.
974 1201 1090 1234 Occidi
1118 1210 1180 1234 non
1210 1207 1352 1234 veretur.

155 1270 186 1302 2.
215 1267 405 1301 Mirabilem
433 1269 604 1301 victoriam

263 1318 424 1351 Dominus
451 1318 633 1358 renovavit,
986 1329 1029 1361 In
1060 1331 1091 1364 1-
1119 1329 1361 1364 NocturnO*

215 1367 354 1408 Quando
381 1367 537 1400 Fratrum
565 1365 723 1400 familiam

264 1417 455 1458 Triumphis
483 1417 664 1449 decoravit.
1075 1398 1168 1433 Antip
1171 1397 1277 1425 honae.

155 1487 187 1520 3.
216 1485 309 1518 Haec
336 1495 412 1518 vere
437 1486 605 1527 generatio
867 1479 898 1511 1.
929 1478 1022 1512 Felix
1052 1479 1206 1510 Fratrum
1235 1479 1412 1519 quinarius,

265 1536 443 1568 Rectorum
470 1534 675 1576 perhibetur,
977 1528 1109 1561 Firmus
1136 1527 1169 1558 in
1198 1528 1321 1560 Christi
1348 1529 1430 1570 lege,

216 1585 306 1625 Quae
331 1585 505 1626 praeclaro
532 1585 690 1625 marm-10
928 1577 1040 1610 Factis
1069 1576 1189 1618 probat
1215 1581 1245 1609 et
1274 1579 1394 1610 certius

266 1635 427 1668 Coronam
454 1639 672 1676 promeretur,
979 1628 1021 1661 Se
1049 1627 1090 1659 de
1116 1627 1287 1660 FranCiSCi
1314 1637 1422 1669 grege.

158 1707 191 1737 4.
222 1703 305 1736 Vota
331 1701 471 1736 fratrum
499 1703 667 1736 humilium
868 1708 900 1739 2.
930 1706 1100 1739 Adversus
1129 1705 1251 1738 Christi
1279 1708 1424 1740 aemulos

268 1753 359 1786 Deus
386 1753 493 1786 celsus
519 1753 677 1793 respexit,
977 1756 1134 1788 Saraceni
1161 1754 1338 1789 frementes

218 1803 305 1844 Quos
332 1802 373 1834 ad
403 1803 485 1835 caeli
512 1802 678 1844 fastigium
928 1806 1060 1846 Augeut
1088 1813 1265 1846 poenarum
1293 1807 1453 1847 stimulos,

267 1851 442 1894 Martyriis
470 1854 586 1885 erexit.
980 1854 1104 1887 Ferunt
1133 1854 1181 1887 illi
1208 1855 1399 1896 gaudentes.

162 1924 194 1956 5.
223 1921 340 1954 Lauda
366 1920 530 1954 Christum
559 1923 756 1964 praeconiis,
870 1935 903 1967 3,
930 1935 1083 1967 Perversj
1108 1933 1288 1966 multifarie

270 1970 400 2011 Religio
426 1971 604 2011 Minorum‚

221 2022 282 2062 Qui
311 2021 374 2053 tuis
399 2021 493 2053 dedit
519 2022 596 2054 tiliis

267 2069 466 2111 Manyrium
495 2072 660 2106 decorum.

981 1983 1118 2017 Sanctos
1144 1985 1391 2025 aggrediuntur,

932 2033 997 2066 Sed
1025 2043 1044 2066 a
1071 2034 1140 2066 Deo
1167 2034 1310 2074 propitie

978 2083 1033 2116 Illi
1060 2083 1294 2124 suscipiuntur.

340 2178 386 2206 Ad
408 2179 595 2217 Magnificat.
1074 2187 1288 2221 Responsoria.

145 2250 186 2283 A.
208 2252 314 2283 Actor
339 2249 624 2293 magnificientiae,
872 2252 904 2285 1.
931 2252 1088 2292 Quinaria
1115 2251 1249 2289 familia,

270 2300 361 2340 Quae
387 2300 476 2332 lucet
501 2300 535 2332 in
560 2300 775 2342 martyribu8‚
980 2301 1152 2335 Francisci
1179 2303 1340 2345 genitura,

320 2349 471 2382 Christus
497 2348 738 2391 magnificetur,
933 2349 1053 2392 Spreta
1080 2351 1188 2384 carnis
1217 2351 1351 2383 lascivia

220 2399 345 2433 Veniae
372 2398 432 2432 dos
459 2402 493 2431 et
518 2398 645 2441 gratiae
981 2400 1025 2434 Et
1051 2401 1290 2433 mundanorum
1320 2411 1408 2443 cura,

269 2449 430 2483 Precetur
456 2458 528 2481 cum
555 2447 738 2489 sodalibus,
931 2449 1081 2483 Docebat
1108 2451 1140 2483 in
1168 2450 1332 2490 Hispania

320 2497 472 2540 Othoque
497 2498 593 2532 nobis
619 2498 725 2532 detur.
981 2499 1185 2532 Documenta
1212 2509 1337 2532 secura.

201 2559 346 2588 Dreves,
365 2558 511 2582 Historiae
528 2558 724 2589 Rhythmieae.
757 2557 836 2583 VIII.
1296 2555 1331 2585 14
