1650 2727
653 153 701 159 -—
751 133 822 170 194
874 156 916 160 —

185 232 284 266 Tanti
309 233 472 272 praesulis
497 232 632 275 perfusa

235 281 351 314 Gratia
377 283 528 326 gratuita,

185 331 262 371 Ore,
288 340 378 369 voce,
405 336 513 364 mente
538 341 622 371 pura

234 379 355 412 Recole
381 380 562 420 sollemnia,

185 428 282 461 Cuius
309 437 370 469 ope
397 430 554 462 duratura

235 477 450 518 Consequeris
477 478 632 518 praemia.

253 625 313 656 Ad
341 624 614 656 matutinum.

328 700 546 728 Invitatorium.

187 789 317 822 Summo
343 788 432 828 patri
459 789 662 821 modulemur

234 838 339 870 Melos
367 837 475 869 cordis
502 837 660 877 intimum,

185 886 245 927 Qui
271 886 394 918 honore
420 886 601 927 praesulari

234 934 409 967 Decoravit
437 935 609 971 Zosimum,

185 985 276 1016 inter
302 983 382 1014 caeli
408 985 589 1015 laureatum

235 1040 348 1071 agmen
377 1031 654 1064 candidissimum.

247 1177 292 1208 In
323 1177 352 1210 1.
382 1177 614 1209 Nocturno.

333 1252 533 1289 Antiphonae.

153 1367 160 1375 .
191 1342 286 1375 Plebs
314 1341 431 1383 fidelis⁷
459 1342 553 1381 plebs
581 1343 697 1375 devota

235 1391 335 1423 Urbis
361 1390 564 1430 Syracusiae,

191 1439 306 1471 Funde
333 1439 431 1479 digna
459 1439 566 1471 cordis
593 1444 667 1471 vota

240 1487 410 1519 Plausibus
437 1487 589 1520 laetitiae.

156 1590 161 1596 .
190 1566 228 1597 In
255 1566 315 1597 hac
343 1565 395 1596 die
421 1566 537 1597 mentis
564 1565 638 1604 piae

237 1614 288 1645 Ex
315 1613 433 1646 affectu
457 1614 570 1645 intimo

189 1663 316 1701 Psallit,
332 1663 450 1701 gaudet
469 1663 584 1694 chorus
595 1663 755 1703 plaudens

237 1711 294 1742 Pio
318 1712 403 1751 patri
431 1711 568 1743 Zosimo.

152 1812 158 1819 .
188 1789 282 1821 Hunc
311 1792 442 1820 coronat
470 1798 592 1820 morum
621 1788 735 1831 forma,

236 1837 426 1869 Honestatis
452 1837 576 1879 titulm,

186 1887 282 1918 Hunc
308 1886 440 1925 insignit
468 1885 548 1926 legis
574 1896 685 1919 norma

237 1935 467 1974 Virtutumque
494 1935 649 1967 cumulus.

329 2051 539 2087 Responsoria.

152 2158 159 2165 ,
189 2131 234 2164 Ut
261 2130 377 2161 aetatis
404 2138 480 2162 suae
507 2138 589 2170 puer

237 2179 349 2212 Utitur
375 2179 555 2219 septennio,

185 2227 240 2261 Ad
267 2227 449 2267 exemplum
477 2227 635 2260 Samuelis

235 2276 354 2308 Divino
380 2277 551 2317 praesagio

145 2351 153 2359 .
184 2327 281 2359 Hunc
307 2329 476 2367 parentum
506 2326 560 2365 pia
586 2328 692 2358 mente

235 2374 359 2408 Obtulit
391 2375 522 2407 devotio

185 2425 314 2466 Templi
341 2423 478 2456 celebris
505 2423 626 2456 Luciae

235 2473 380 2516 Virginis
405 2473 574 2513 obsequio.

826 236 859 268 2.

886 235 992 267 Huius
1018 237 1152 267 sanctae
1177 233 1288 265 zelans
1312 230 1430 265 florem

937 283 1060 317 lllibati
1087 282 1234 324 corporis

889 332 972 364 Dum
998 331 1123 372 aspirat
1148 331 1191 364 ad
1218 331 1371 363 decorem

937 380 1112 421 purpurati
1138 380 1294 421 pectoriS,

886 430 946 462 Est
975 430 1115 471 adeptus
1143 429 1226 461 hunc
1253 427 1414 469 fulgorem

938 479 1133 512 Cumulandi
1162 478 1302 509 decoris,

852 591 858 598 .
887 565 1024 598 Sanctus
1051 565 1202 601 FaustuS,
1232 569 1327 605 pater
1352 563 1456 606 aedis,

936 613 979 646 Et
1005 614 1149 646 adiutrix
1179 613 1314 646 dextera

887 662 1073 695 Aemulanti
1100 666 1213 694 sancto
1240 666 1331 695 actus

934 711 978 744 Et
1003 714 1187 743 sanctarum
1215 720 1316 752 opera.

885 759 1006 792 Sacrae
1031 762 1186 800 martyris
1213 760 1375 793 commisit

937 809 1084 841 Pretiosa
1111 807 1234 851 funera,

848 882 855 890 ,
887 857 951 888 Per
978 857 1129 888 virtutem
1157 856 1217 889 Dei
1244 857 1349 898 patris

937 905 1060 937 Mundo
1087 904 1268 938 salutifera.

944 1062 1051 1093 1112.
1082 1060 1319 1094 Nocturno.

1037 1137 1237 1173 Autiphonae.

855 1251 861 1259 .
891 1226 990 1259 Cibus
1018 1228 1045 1258 ei
1074 1227 1207 1259 verbum
1234 1226 1306 1266 Dei,

940 1277 1038 1308 Potus
1066 1281 1114 1307 est
1141 1276 1257 1315 oratio,

891 1324 993 1357 Strati
1021 1333 1096 1356 cura
1124 1334 1214 1356 mens
1241 1329 1289 1356 est
1316 1333 1410 1367 pura,

940 1374 1093 1413 Tegimen
1123 1374 1264 1406 dilectio.

856 1487 861 1492 .
891 1460 1006 1494 Carnis
1024 1460 1145 1492 fluxum
1166 1461 1295 1502 stringit
1314 1458 1457 1506 [luxum]

939 1510 1028 1541 Zona
1053 1509 1283 1545 continentiae.

894 1555 1137 1601 [Repentinam]
1168 1566 1207 1589 ne
1234 1559 1362 1591 ruinam

940 1608 1037 1639 Ferat
1066 1606 1236 1647 pudicitia.

831 1696 862 1728 3.
891 1694 1047 1726 Mundum
1076 1695 1201 1734 spernit
1228 1699 1260 1726 et
1285 1695 1427 1728 secernit

940 1743 1084 1776 Mentem
1111 1743 1152 1775 ab
1179 1743 1357 1788 illecebris,

891 1791 982 1824 Tuba
1011 1792 1141 1832 clangit,
1171 1796 1201 1824 et
1229 1803 1285 1826 vas
1313 1792 1435 1836 frangit

939 1841 1084 1879 Gede0n‚
1113 1842 1145 1873 in
1172 1842 1316 1874 tenebris

892 1889 961 1921 Lux
989 1894 1136 1933 apparet,
1166 1894 1197 1922 et
1224 1891 1271 1922 sic
1298 1892 1402 1925 claret

941 1940 1012 1971 Dux
1039 1940 1196 1980 triumphi
1225 1940 1376 1974 celebris.

1031 2056 1243 2092 Responsoria.

855 2161 862 2168 ,
891 2132 1029 2165 Sanctus
1045 2134 1185 2167 Faustus
1200 2141 1337 2183 cunctae
1351 2137 1461 2170 carnis

940 2183 1023 2214 viam
1050 2188 1086 2214 ut.
1111 2183 1304 2227 ingreditur,

889 2231 988 2271 Quem
1016 2236 1159 2264 assumat
1186 2232 1219 2264 in
1246 2237 1423 2276 pastorem,

937 2280 1044 2320 gregis
1072 2289 1162 2313 mens
1189 2283 1412 2322 suspenditur,

888 2327 942 2360 Ad
970 2328 1157 2369 Iohannem,
1185 2330 1276 2363 urbis
1303 2336 1443 2375 patrem,

938 2377 1055 2418 tendit,
1083 2377 1185 2411 abbas
1211 2381 1344 2422 petitur,

848 2452 855 2459 .
888 2424 953 2458 Sed
983 2435 1077 2466 quem
1105 2428 1241 2471 sprevit,
1270 2430 1333 2463 Dei
1360 2435 1441 2464 nutu

940 2475 1086 2508 Zosimus
1113 2476 1256 2518 eligitur.
