1650 2727
720 127 962 164 -83-

178 223 236 261 11.
261 225 328 259 Hic
351 218 402 259 est.
426 226 493 267 ille,
521 226 576 267 qui
602 235 661 259 nos
686 226 780 268 lavit,
885 227 940 260 13.
968 226 1075 259 Aures
1102 230 1175 258 tuas
1201 227 1306 266 aperi,

264 274 328 308 Hic
354 279 414 317 est,
441 275 482 308 de
508 284 571 316 quo
597 275 810 316 prophetavit
969 274 1029 313 Da,
1058 274 1144 314 quod
1171 278 1287 315 petunt
1313 275 1417 315 pueri,

312 324 466 357 Iohannis
491 325 681 365 augurium;
1018 323 1168 356 Ludendi
1195 324 1371 363 licentiam,

262 374 326 406 Hic
336 377 396 417 est,
406 381 569 416 perquem
580 382 690 405 sumus
703 372 828 413 mundi,
967 372 1087 405 Nostra
1114 373 1199 413 quod
1225 372 1365 405 infantia

263 422 324 462 Qui
350 426 486 462 peccata
511 422 598 454 tollit
624 423 748 463 mundi,
968 419 1047 466 [Pro
1074 421 1131 452 tali
1158 418 1306 466 licentia]

311 471 513 513 Redemptor
539 470 697 504 fidelium.
1016 470 1118 502 Tuam
1146 470 1259 502 laudet
1286 472 1437 511 gratiam.

179 560 236 592 12.
265 559 290 592 O
319 560 484 600 magister,
518 558 583 591 dux
611 559 808 601 scholarum,
886 559 942 593 14.
970 558 1063 592 Haec
1090 562 1139 590 est
1165 558 1223 590 illa
1249 562 1362 590 sancta
1390 558 1468 602 dies,

265 607 363 640 Cuius
390 616 504 640 nomen
533 612 582 639 est
602 608 807 648 praeclarum
967 608 1005 640 In
1032 617 1095 648 qua
1122 607 1217 639 debet
1247 616 1317 639 esse
1344 608 1434 648 quies

311 656 421 688 Titulo
447 657 617 697 scientiae,
1016 657 1058 689 Et
1086 666 1211 688 summa
1236 656 1380 695 laetitia;

264 705 363 737 Vultu
389 713 486 737 cerne
513 715 572 737 uos
598 705 762 745 clementi,
967 706 1099 739 Christo
1127 711 1203 738 nato
1230 705 1450 748 concinamus,

260 754 349 786 Audi
376 763 493 794 preces
521 758 552 786 et
579 754 725 786 consenti
968 754 1010 788 Ut
1039 764 1110 786 cum
1140 754 1272 787 Christo
1298 756 1496 796 gaudeamus

311 803 395 837 Voci
421 803 592 843 pueritiae.
1017 805 1053 836 ln
1081 809 1215 836 aeterna
1242 804 1356 843 gloria.

241 886 364 914 Collect.
388 895 442 913 της.
464 887 654 913 Victorinum
678 895 756 914 saec.
780 884 825 915 13.
847 883 889 921 [et
913 885 971 922 14.)
995 886 1065 914 Cod.
1089 887 1215 913 Parisin.
1243 885 1351 913 11412.
1375 901 1411 905 -
1436 886 1467 920 1,
1496 884 1515 913 2

161 925 296 953 mondus.
315 940 353 944 —-
370 923 394 958 1,
417 922 435 951 3
452 926 611 953 immundo.
627 940 665 944 —
680 924 706 955 3.
723 925 740 953 5
756 925 896 954 mondum
912 926 1019 953 solvat.
1036 942 1071 946 —-
1088 925 1113 957 4,
1138 924 1155 953 4
1172 925 1276 953 Audet.
1293 941 1330 944 ——
1345 925 1370 954 5.
1396 924 1414 951 6
1430 927 1513 954 Iusto

161 967 244 992 cami
266 974 397 992 munere.
415 979 454 984 ‘—
477 967 508 992 13.
539 965 551 991 l
576 965 682 992 Rubet.
706 980 743 984 —
764 963 790 999 6,
813 965 831 993 4
846 965 938 992 Ardet
960 965 1053 993 rubet.
1078 981 1115 984 —
1136 966 1162 993 9.
1186 965 1204 991 ’ὅ
1226 966 1347 992 Parvus.
1365 979 1400 984 —-
1425 964 1467 996 10.
1494 963 1513 993 4

160 1004 353 1079 {gsseqniaitus
377 1021 414 1024 —-
438 1003 481 1037 ll,
504 1002 522 1030 4
545 1005 656 1031 mnndi.
684 1020 720 1023 —
745 1002 788 1039 11,
811 1004 829 1032 6
858 1005 931 1032 Vice
960 1006 1117 1040 pueritiae.
1150 1019 1186 1022 —
1217 1006 1273 1031 t‘t'r.
1300 1005 1433 1032 lhiiin'aeril
1457 1005 1512 1037 III,

489 1139 545 1170 101.
588 1138 648 1170 Pro
672 1139 846 1171 vacatione
869 1139 901 1170 in
924 1138 1030 1170 Natali
1054 1139 1185 1170 Domini.

199 1231 229 1264 1.
258 1231 490 1272 Magistrorum
518 1233 658 1264 omnium
904 1234 936 1266 4.
965 1233 1100 1272 Doctor,
1129 1232 1219 1263 cuius
1248 1233 1366 1263 caritas

308 1280 416 1313 Decus
441 1281 597 1322 speciale,

257 1330 421 1372 Adelphe‚
448 1340 508 1370 per
534 1331 676 1363 studium

307 1379 432 1412 Nomen
460 1380 654 1419 immortale,

256 1428 380 1469 Accipe
407 1428 604 1461 scholarium

305 1477 435 1510 Turbae
462 1486 595 1518 pressae
622 1477 717 1520 male,

255 1528 355 1567 Quae,
382 1527 444 1559 tibi
470 1528 557 1568 quod
585 1528 695 1566 mittit,

302 1587 366 1609 non
395 1575 493 1609 habet
519 1577 602 1617 ipsa,
632 1576 720 1611 Vale.

194 1664 226 1698 2.
255 1664 366 1698 Turba
391 1669 519 1698 tuorum

254 1715 512 1756 Discipulorum,

301 1765 392 1806 Quae
418 1773 518 1805 grave
543 1769 648 1804 nutat,

253 1814 344 1854 Quae
369 1813 552 1846 studiorum

253 1864 488 1898 continuorum

300 1913 390 1946 Mole
417 1912 554 1952 volutat,

252 1962 374 1996 Scribit
402 1962 560 1996 honorum

252 2012 392 2046 Carmen
416 2021 569 2045 sonorum

299 2062 410 2103 Teque
437 2062 568 2095 salutat.

189 2146 222 2181 3.
248 2146 375 2180 Doctor
401 2156 501 2188 sagax
529 2146 652 2187 studio,

298 2195 407 2238 Sagax
434 2197 507 2238 lege
534 2195 598 2239 dia,

249 2246 358 2287 Sagax
383 2246 418 2279 in
443 2245 618 2287 quadrivio

297 2295 467 2337 Triviique
493 2295 557 2336 via,

250 2345 310 2379 Cui
335 2354 400 2378 non
426 2345 464 2378 fit
487 2344 640 2386 deceptio

298 2394 369 2428 Nec
394 2393 623 2436 falsigraphia‚

248 2444 286 2477 In
311 2445 404 2478 cuius
429 2443 554 2486 gremio

298 2492 478 2536 requiescit
502 2492 725 2536 philosophia.

1014 1281 1125 1321 Longe
1153 1281 1320 1321 dilatatur,

963 1331 1060 1363 Cuius
1087 1331 1289 1370 generositas

1013 1380 1073 1411 Vix
1102 1385 1320 1416 enumeratur,

963 1429 1033 1461 Tua
1060 1438 1223 1469 nunquam
1252 1429 1398 1469 probitas

1013 1478 1082 1509 Neo
1109 1478 1179 1510 laus
1207 1484 1443 1519 corrumpatur,

964 1532 1065 1568 Quam
1093 1527 1188 1559 labor
1214 1533 1242 1558 et
1271 1528 1415 1567 gravitas

1010 1577 1169 1617 operandi
1198 1577 1415 1610 continuatur.

928 1690 936 1698 .
964 1666 1035 1698 Lux
1062 1665 1161 1707 subit,
1190 1674 1274 1701 ecce,
1304 1665 1376 1707 Dei,

1013 1715 1067 1747 lux
1096 1714 1190 1753 festa,
1219 1715 1289 1747 dies
1316 1715 1458 1757 requiei3

963 1766 1117 1805 Quaeque
1143 1764 1213 1797 dies
1238 1764 1294 1796 isti

1010 1815 1106 1852 cedit,
1133 1814 1209 1855 quia
1235 1815 1325 1846 natio
1353 1813 1486 1850 Christi.

923 1928 931 1936 .
960 1903 1065 1944 Mare,
1094 1903 1202 1942 telluS‚
1230 1902 1350 1943 sidera,

1010 1952 1139 1984 Gaudia
1167 1951 1294 1989 habete,

960 2002 1077 2042 Homo,
1105 2001 1220 2042 gaude,
1249 2005 1361 2034 vetera

1010 2051 1148 2083 Prorsus
1176 2051 1262 2091 pelle
1291 2052 1331 2083 de
1358 2055 1390 2083 te

958 2101 1003 2134 Et
1030 2105 1143 2133 curata
1170 2105 1280 2132 cetera

1008 2150 1182 2183 Laetitiam
1211 2154 1304 2190 pete3

960 2201 1123 2240 Prospera
1151 2200 1205 2232 lux
1234 2199 1349 2237 oritur,

1007 2248 1128 2290 linguis
1152 2249 1334 2289 animisque
1360 2246 1480 2281 favete.

923 2370 931 2378 .
959 2344 1062 2384 Quam
1091 2343 1187 2375 dulce
1214 2341 1411 2383 colloquium

1006 2392 1083 2426 Fuit
1111 2396 1144 2424 et
1169 2401 1265 2433 quam
1294 2399 1439 2431 vernum,

959 2442 1023 2475 Per
1048 2442 1136 2483 quod
1164 2442 1255 2483 virgo
1281 2440 1383 2472 filium

1007 2490 1167 2532 Concepit
1192 2495 1366 2531 paternum

1286 2545 1327 2576 6*
