<?xml version="1.0" encoding="UTF-8"?>
<!DOCTYPE html PUBLIC "-//W3C//DTD XHTML 1.0 Transitional//EN"
    "http://www.w3.org/TR/xhtml1/DTD/xhtml1-transitional.dtd">
<html xmlns="http://www.w3.org/1999/xhtml" xml:lang="en" lang="en">
 <head>
  <title>
</title>
<meta http-equiv="Content-Type" content="text/html;charset=utf-8" />
  <meta name='ocr-system' content='tesseract 3.04.00' />
  <meta name='ocr-capabilities' content='ocr_page ocr_carea ocr_par ocr_line ocrx_word'/>
</head>
<body>
  <div class='ocr_page' id='page_1' title='image "./analectahymnica45drevuoft/analectahymnica45drevuoft_0074.png"; bbox 0 0 1650 2727; ppageno 0'>
   <div class='ocr_carea' id='block_1_1' title="bbox 217 268 713 451">
    <p class='ocr_par' dir='ltr' id='par_1_1' title="bbox 287 268 676 360">
     <span class='ocr_line' id='line_1_1' title="bbox 287 268 676 302; baseline 0 -1"><span class='ocrx_word' id='word_1_1' title='bbox 287 268 470 302; x_wconf 79' lang='lat' dir='ltr'>Sanctitate</span> <span class='ocrx_word' id='word_1_2' title='bbox 497 271 676 302; x_wconf 82' lang='lat' dir='ltr'>cumulavit</span> 
     </span>
     <span class='ocr_line' id='line_1_2' title="bbox 333 318 667 360; baseline 0 -10"><span class='ocrx_word' id='word_1_3' title='bbox 333 318 471 360; x_wconf 82' lang='lat' dir='ltr'><strong>gloriam</strong></span> <span class='ocrx_word' id='word_1_4' title='bbox 497 319 667 360; x_wconf 89' lang='lat' dir='ltr'>natalium,</span> 
     </span>
    </p>

    <p class='ocr_par' dir='ltr' id='par_1_2' title="bbox 217 366 713 451">
     <span class='ocr_line' id='line_1_3' title="bbox 217 366 713 401; baseline 0.002 -3"><span class='ocrx_word' id='word_1_5' title='bbox 217 366 256 399; x_wconf 91' lang='lat' dir='ltr'>V.</span> <span class='ocrx_word' id='word_1_6' title='bbox 284 368 386 401; x_wconf 86' lang='lat' dir='ltr'>Pacta</span> <span class='ocrx_word' id='word_1_7' title='bbox 411 375 519 399; x_wconf 89' lang='lat' dir='ltr'>secum</span> <span class='ocrx_word' id='word_1_8' title='bbox 547 368 713 400; x_wconf 86' lang='lat' dir='ltr'>custodire</span> 
     </span>
     <span class='ocr_line' id='line_1_4' title="bbox 333 415 650 451; baseline 0.006 -3"><span class='ocrx_word' id='word_1_9' title='bbox 333 416 467 448; x_wconf 85' lang='lat' dir='ltr'>semitas</span> <span class='ocrx_word' id='word_1_10' title='bbox 493 415 650 451; x_wconf 83' lang='lat' dir='ltr'>fidelium.</span> 
     </span>
    </p>
   </div>
   <div class='ocr_carea' id='block_1_2' title="bbox 218 513 782 800">
    <p class='ocr_par' dir='ltr' id='par_1_3' title="bbox 218 513 782 800">
     <span class='ocr_line' id='line_1_5' title="bbox 225 513 782 555; baseline -0.004 -7"><span class='ocrx_word' id='word_1_11' title='bbox 225 515 257 548; x_wconf 90' lang='lat'>3.</span> <span class='ocrx_word' id='word_1_12' title='bbox 286 513 347 546; x_wconf 88' lang='lat' dir='ltr'>His</span> <span class='ocrx_word' id='word_1_13' title='bbox 372 514 499 546; x_wconf 88' lang='lat' dir='ltr'>enitens</span> <span class='ocrx_word' id='word_1_14' title='bbox 525 513 568 546; x_wconf 89' lang='lat' dir='ltr'>ad</span> <span class='ocrx_word' id='word_1_15' title='bbox 595 523 782 555; x_wconf 90' lang='lat' dir='ltr'>supremum</span> 
     </span>
     <span class='ocr_line' id='line_1_6' title="bbox 335 563 725 596; baseline 0.003 -2"><span class='ocrx_word' id='word_1_16' title='bbox 335 563 463 596; x_wconf 89' lang='lat' dir='ltr'>culmen</span> <span class='ocrx_word' id='word_1_17' title='bbox 489 563 725 595; x_wconf 83' lang='lat' dir='ltr'>sanctimoniae</span> 
     </span>
     <span class='ocr_line' id='line_1_7' title="bbox 285 611 726 644; baseline 0.002 -1"><span class='ocrx_word' id='word_1_18' title='bbox 285 611 518 644; x_wconf 87' lang='lat' dir='ltr'>Holocaustum</span> <span class='ocrx_word' id='word_1_19' title='bbox 546 611 624 644; x_wconf 80' lang='lat' dir='ltr'>fecit</span> <span class='ocrx_word' id='word_1_20' title='bbox 658 612 726 644; x_wconf 85' lang='lat' dir='ltr'>Deo</span> 
     </span>
     <span class='ocr_line' id='line_1_8' title="bbox 333 662 700 703; baseline 0 -10"><span class='ocrx_word' id='word_1_21' title='bbox 333 665 442 693; x_wconf 91' lang='lat' dir='ltr'>votum</span> <span class='ocrx_word' id='word_1_22' title='bbox 470 662 700 703; x_wconf 75' lang='lat' dir='ltr'>continentiae,</span> 
     </span>
     <span class='ocr_line' id='line_1_9' title="bbox 218 709 713 742; baseline 0.002 -1"><span class='ocrx_word' id='word_1_23' title='bbox 218 709 254 742; x_wconf 82' lang='lat' dir='ltr'>V.</span> <span class='ocrx_word' id='word_1_24' title='bbox 281 709 368 742; x_wconf 88' lang='lat' dir='ltr'>Rata</span> <span class='ocrx_word' id='word_1_25' title='bbox 395 711 516 742; x_wconf 85' lang='lat' dir='ltr'>crimen</span> <span class='ocrx_word' id='word_1_26' title='bbox 544 711 713 742; x_wconf 79' lang='lat' dir='ltr'>attrectari</span> 
     </span>
     <span class='ocr_line' id='line_1_10' title="bbox 334 758 661 800; baseline 0.006 -10"><span class='ocrx_word' id='word_1_27' title='bbox 334 758 446 791; x_wconf 87' lang='lat' dir='ltr'>florem</span> <span class='ocrx_word' id='word_1_28' title='bbox 475 759 661 800; x_wconf 87' lang='lat' dir='ltr'>pudicitiae.</span> 
     </span>
    </p>
   </div>
   <div class='ocr_carea' id='block_1_3' title="bbox 216 855 770 1143">
    <p class='ocr_par' dir='ltr' id='par_1_4' title="bbox 216 855 770 1143">
     <span class='ocr_line' id='line_1_11' title="bbox 225 855 696 898; baseline 0.004 -10"><span class='ocrx_word' id='word_1_29' title='bbox 225 858 255 889; x_wconf 82' lang='lat'>4.</span> <span class='ocrx_word' id='word_1_30' title='bbox 284 855 450 889; x_wconf 84' lang='lat' dir='ltr'>Dacianus</span> <span class='ocrx_word' id='word_1_31' title='bbox 477 858 696 898; x_wconf 85' lang='lat' dir='ltr'>introgressus</span> 
     </span>
     <span class='ocr_line' id='line_1_12' title="bbox 334 906 716 947; baseline 0.003 -10"><span class='ocrx_word' id='word_1_32' title='bbox 334 906 447 938; x_wconf 86' lang='lat' dir='ltr'>urbem</span> <span class='ocrx_word' id='word_1_33' title='bbox 474 907 716 947; x_wconf 85' lang='lat' dir='ltr'>Agennensium</span> 
     </span>
     <span class='ocr_line' id='line_1_13' title="bbox 287 954 770 988; baseline 0 0"><span class='ocrx_word' id='word_1_34' title='bbox 287 954 411 988; x_wconf 84' lang='lat' dir='ltr'>Christi</span> <span class='ocrx_word' id='word_1_35' title='bbox 439 965 550 987; x_wconf 83' lang='lat' dir='ltr'>servos</span> <span class='ocrx_word' id='word_1_36' title='bbox 577 960 607 987; x_wconf 88' lang='lat' dir='ltr'>et</span> <span class='ocrx_word' id='word_1_37' title='bbox 633 956 770 988; x_wconf 84' lang='lat' dir='ltr'>ancillas</span> 
     </span>
     <span class='ocr_line' id='line_1_14' title="bbox 333 1004 740 1047; baseline 0.005 -13"><span class='ocrx_word' id='word_1_38' title='bbox 333 1004 433 1036; x_wconf 86' lang='lat' dir='ltr'>trahit</span> <span class='ocrx_word' id='word_1_39' title='bbox 464 1005 506 1036; x_wconf 90' lang='lat' dir='ltr'>ad</span> <span class='ocrx_word' id='word_1_40' title='bbox 533 1005 740 1047; x_wconf 87' lang='lat' dir='ltr'>supplicium,</span> 
     </span>
     <span class='ocr_line' id='line_1_15' title="bbox 216 1052 728 1086; baseline 0.004 -2"><span class='ocrx_word' id='word_1_41' title='bbox 216 1052 255 1085; x_wconf 87' lang='lat' dir='ltr'>V.</span> <span class='ocrx_word' id='word_1_42' title='bbox 283 1052 457 1085; x_wconf 88' lang='lat' dir='ltr'>Immolare</span> <span class='ocrx_word' id='word_1_43' title='bbox 484 1057 728 1086; x_wconf 83' lang='lat' dir='ltr'>contemnentes</span> 
     </span>
     <span class='ocr_line' id='line_1_16' title="bbox 335 1102 678 1143; baseline 0.006 -10"><span class='ocrx_word' id='word_1_44' title='bbox 335 1102 403 1134; x_wconf 87' lang='lat' dir='ltr'>eius</span> <span class='ocrx_word' id='word_1_45' title='bbox 427 1103 469 1134; x_wconf 87' lang='lat' dir='ltr'>ad</span> <span class='ocrx_word' id='word_1_46' title='bbox 496 1103 678 1143; x_wconf 85' lang='lat' dir='ltr'>imperium.</span> 
     </span>
    </p>
   </div>
   <div class='ocr_carea' id='block_1_4' title="bbox 325 1249 692 1284">
    <p class='ocr_par' dir='ltr' id='par_1_5' title="bbox 325 1249 692 1284">
     <span class='ocr_line' id='line_1_17' title="bbox 325 1249 692 1284; baseline 0.005 -3"><span class='ocrx_word' id='word_1_47' title='bbox 325 1249 370 1281; x_wconf 92' lang='lat' dir='ltr'>In</span> <span class='ocrx_word' id='word_1_48' title='bbox 399 1249 430 1283; x_wconf 91' lang='lat'>2.</span> <span class='ocrx_word' id='word_1_49' title='bbox 459 1249 692 1284; x_wconf 79' lang='lat' dir='ltr'>Nocturno.</span> 
     </span>
    </p>
   </div>
   <div class='ocr_carea' id='block_1_5' title="bbox 405 1326 604 1362">
    <p class='ocr_par' dir='ltr' id='par_1_6' title="bbox 405 1326 604 1362">
     <span class='ocr_line' id='line_1_18' title="bbox 405 1326 604 1362; baseline 0.005 -9"><span class='ocrx_word' id='word_1_50' title='bbox 405 1326 604 1362; x_wconf 82' lang='lat' dir='ltr'>Antiphonae.</span> 
     </span>
    </p>
   </div>
   <div class='ocr_carea' id='block_1_6' title="bbox 224 1415 828 1596">
    <p class='ocr_par' dir='ltr' id='par_1_7' title="bbox 224 1415 828 1596">
     <span class='ocr_line' id='line_1_19' title="bbox 224 1415 828 1460; baseline 0.002 -13"><span class='ocrx_word' id='word_1_51' title='bbox 224 1415 254 1448; x_wconf 91' lang='lat'>1.</span> <span class='ocrx_word' id='word_1_52' title='bbox 283 1415 402 1447; x_wconf 86' lang='lat' dir='ltr'>Pectus</span> <span class='ocrx_word' id='word_1_53' title='bbox 429 1415 532 1457; x_wconf 88' lang='lat' dir='ltr'>Fidis,</span> <span class='ocrx_word' id='word_1_54' title='bbox 561 1416 675 1448; x_wconf 88' lang='lat' dir='ltr'>hortus</span> <span class='ocrx_word' id='word_1_55' title='bbox 693 1416 828 1460; x_wconf 77' lang='lat' dir='ltr'>Christi,</span> 
     </span>
     <span class='ocr_line' id='line_1_20' title="bbox 330 1464 757 1497; baseline 0.005 -2"><span class='ocrx_word' id='word_1_56' title='bbox 330 1468 445 1496; x_wconf 87' lang='lat' dir='ltr'>vernat</span> <span class='ocrx_word' id='word_1_57' title='bbox 471 1474 594 1497; x_wconf 91' lang='lat' dir='ltr'>morum</span> <span class='ocrx_word' id='word_1_58' title='bbox 622 1464 757 1497; x_wconf 81' lang='lat' dir='ltr'>floribus</span> 
     </span>
     <span class='ocr_line' id='line_1_21' title="bbox 282 1512 779 1546; baseline 0.004 -2"><span class='ocrx_word' id='word_1_59' title='bbox 282 1512 325 1544; x_wconf 85' lang='lat' dir='ltr'>Et</span> <span class='ocrx_word' id='word_1_60' title='bbox 348 1513 391 1545; x_wconf 88' lang='lat' dir='ltr'>ad</span> <span class='ocrx_word' id='word_1_61' title='bbox 418 1512 529 1545; x_wconf 83' lang='lat' dir='ltr'>flatum</span> <span class='ocrx_word' id='word_1_62' title='bbox 556 1514 638 1546; x_wconf 86' lang='lat' dir='ltr'>leuis</span> <span class='ocrx_word' id='word_1_63' title='bbox 665 1515 779 1546; x_wconf 86' lang='lat' dir='ltr'>Austri</span> 
     </span>
     <span class='ocr_line' id='line_1_22' title="bbox 327 1560 636 1596; baseline 0.01 -3"><span class='ocrx_word' id='word_1_64' title='bbox 327 1560 397 1594; x_wconf 89' lang='lat' dir='ltr'>fluit</span> <span class='ocrx_word' id='word_1_65' title='bbox 423 1563 636 1596; x_wconf 80' lang='lat' dir='ltr'>aromatibus.</span> 
     </span>
    </p>
   </div>
   <div class='ocr_carea' id='block_1_7' title="bbox 219 1655 758 1845">
    <p class='ocr_par' dir='ltr' id='par_1_8' title="bbox 219 1655 758 1845">
     <span class='ocr_line' id='line_1_23' title="bbox 219 1655 726 1697; baseline 0.004 -9"><span class='ocrx_word' id='word_1_66' title='bbox 219 1656 251 1688; x_wconf 85' lang='lat'>2.</span> <span class='ocrx_word' id='word_1_67' title='bbox 279 1655 351 1688; x_wconf 89' lang='lat' dir='ltr'>Hoc</span> <span class='ocrx_word' id='word_1_68' title='bbox 377 1655 410 1687; x_wconf 88' lang='lat' dir='ltr'>in</span> <span class='ocrx_word' id='word_1_69' title='bbox 439 1657 521 1688; x_wconf 86' lang='lat' dir='ltr'>votis</span> <span class='ocrx_word' id='word_1_70' title='bbox 549 1657 617 1689; x_wconf 90' lang='lat' dir='ltr'>cius</span> <span class='ocrx_word' id='word_1_71' title='bbox 645 1662 726 1697; x_wconf 84' lang='lat' dir='ltr'>erat,</span> 
     </span>
     <span class='ocr_line' id='line_1_24' title="bbox 327 1704 651 1746; baseline 0 -10"><span class='ocrx_word' id='word_1_72' title='bbox 327 1704 388 1736; x_wconf 89' lang='lat' dir='ltr'>hoc</span> <span class='ocrx_word' id='word_1_73' title='bbox 414 1704 447 1736; x_wconf 92' lang='lat' dir='ltr'>in</span> <span class='ocrx_word' id='word_1_74' title='bbox 475 1705 651 1746; x_wconf 85' lang='lat' dir='ltr'>desiderio,</span> 
     </span>
     <span class='ocr_line' id='line_1_25' title="bbox 277 1754 758 1797; baseline 0.01 -13"><span class='ocrx_word' id='word_1_75' title='bbox 277 1754 324 1788; x_wconf 83' lang='lat' dir='ltr'>Ut</span> <span class='ocrx_word' id='word_1_76' title='bbox 349 1762 526 1794; x_wconf 87' lang='lat' dir='ltr'>perennem</span> <span class='ocrx_word' id='word_1_77' title='bbox 555 1760 758 1797; x_wconf 88' lang='lat' dir='ltr'>compararet</span> 
     </span>
     <span class='ocr_line' id='line_1_26' title="bbox 324 1803 657 1845; baseline 0.009 -11"><span class='ocrx_word' id='word_1_78' title='bbox 324 1803 460 1843; x_wconf 81' lang='lat' dir='ltr'>gloriam</span> <span class='ocrx_word' id='word_1_79' title='bbox 489 1805 657 1845; x_wconf 68' lang='lat' dir='ltr'>martyrio.</span> 
     </span>
    </p>
   </div>
   <div class='ocr_carea' id='block_1_8' title="bbox 213 1896 819 2088">
    <p class='ocr_par' dir='ltr' id='par_1_9' title="bbox 213 1896 819 2088">
     <span class='ocr_line' id='line_1_27' title="bbox 213 1896 750 1932; baseline 0.004 -2"><span class='ocrx_word' id='word_1_80' title='bbox 213 1897 245 1930; x_wconf 89' lang='lat'>3.</span> <span class='ocrx_word' id='word_1_81' title='bbox 271 1896 481 1929; x_wconf 86' lang='lat' dir='ltr'>Aestimabat</span> <span class='ocrx_word' id='word_1_82' title='bbox 507 1898 590 1930; x_wconf 86' lang='lat' dir='ltr'>enim</span> <span class='ocrx_word' id='word_1_83' title='bbox 620 1898 750 1932; x_wconf 88' lang='lat' dir='ltr'>Christo</span> 
     </span>
     <span class='ocr_line' id='line_1_28' title="bbox 321 1948 786 1990; baseline 0.009 -13"><span class='ocrx_word' id='word_1_84' title='bbox 321 1950 446 1986; x_wconf 85' lang='lat' dir='ltr'>gratam</span> <span class='ocrx_word' id='word_1_85' title='bbox 474 1948 589 1987; x_wconf 77' lang='lat' dir='ltr'>p&#39;arum</span> <span class='ocrx_word' id='word_1_86' title='bbox 617 1948 786 1990; x_wconf 81' lang='lat' dir='ltr'>virginem,</span> 
     </span>
     <span class='ocr_line' id='line_1_29' title="bbox 272 1994 819 2038; baseline 0.007 -12"><span class='ocrx_word' id='word_1_87' title='bbox 272 1994 345 2027; x_wconf 88' lang='lat' dir='ltr'>Nisi</span> <span class='ocrx_word' id='word_1_88' title='bbox 373 1995 467 2037; x_wconf 75' lang='lat' dir='ltr'>virgo</span> <span class='ocrx_word' id='word_1_89' title='bbox 490 2001 627 2038; x_wconf 88' lang='lat' dir='ltr'>propter</span> <span class='ocrx_word' id='word_1_90' title='bbox 653 1997 819 2031; x_wconf 88' lang='lat' dir='ltr'>Christum</span> 
     </span>
     <span class='ocr_line' id='line_1_30' title="bbox 320 2044 765 2088; baseline 0.011 -12"><span class='ocrx_word' id='word_1_91' title='bbox 320 2044 537 2087; x_wconf 89' lang='lat' dir='ltr'>funderetque</span> <span class='ocrx_word' id='word_1_92' title='bbox 563 2048 765 2088; x_wconf 77' lang='lat' dir='ltr'>sanguinem.</span> 
     </span>
    </p>
   </div>
   <div class='ocr_carea' id='block_1_9' title="bbox 212 2138 732 2328">
    <p class='ocr_par' dir='ltr' id='par_1_10' title="bbox 212 2138 732 2328">
     <span class='ocr_line' id='line_1_31' title="bbox 212 2138 710 2174; baseline 0.008 -4"><span class='ocrx_word' id='word_1_93' title='bbox 212 2140 244 2172; x_wconf 76' lang='lat'>4.</span> <span class='ocrx_word' id='word_1_94' title='bbox 272 2138 377 2170; x_wconf 88' lang='lat' dir='ltr'>Audit</span> <span class='ocrx_word' id='word_1_95' title='bbox 404 2138 492 2172; x_wconf 88' lang='lat' dir='ltr'>Deus</span> <span class='ocrx_word' id='word_1_96' title='bbox 519 2143 552 2172; x_wconf 88' lang='lat' dir='ltr'>et</span> <span class='ocrx_word' id='word_1_97' title='bbox 577 2142 710 2174; x_wconf 89' lang='lat' dir='ltr'>exaudit</span> 
     </span>
     <span class='ocr_line' id='line_1_32' title="bbox 319 2189 732 2232; baseline 0.012 -13"><span class='ocrx_word' id='word_1_98' title='bbox 319 2193 395 2221; x_wconf 87' lang='lat' dir='ltr'>vota</span> <span class='ocrx_word' id='word_1_99' title='bbox 421 2192 553 2222; x_wconf 84' lang='lat' dir='ltr'>sanctae</span> <span class='ocrx_word' id='word_1_100' title='bbox 581 2189 732 2232; x_wconf 77' lang='lat' dir='ltr'>feminac,</span> 
     </span>
     <span class='ocr_line' id='line_1_33' title="bbox 271 2237 616 2272; baseline 0.009 -3"><span class='ocrx_word' id='word_1_101' title='bbox 271 2237 519 2271; x_wconf 87' lang='lat' dir='ltr'>Clarificaturus</span> <span class='ocrx_word' id='word_1_102' title='bbox 545 2248 616 2272; x_wconf 92' lang='lat' dir='ltr'>eam</span> 
     </span>
     <span class='ocr_line' id='line_1_34' title="bbox 318 2288 687 2328; baseline 0.008 -9"><span class='ocrx_word' id='word_1_103' title='bbox 318 2288 469 2328; x_wconf 88' lang='lat' dir='ltr'>proximo</span> <span class='ocrx_word' id='word_1_104' title='bbox 497 2289 687 2325; x_wconf 86' lang='lat' dir='ltr'>certamine.</span> 
     </span>
    </p>
   </div>
   <div class='ocr_carea' id='block_1_10' title="bbox 209 2380 782 2573">
    <p class='ocr_par' dir='ltr' id='par_1_11' title="bbox 209 2380 782 2573">
     <span class='ocr_line' id='line_1_35' title="bbox 209 2380 722 2424; baseline 0.01 -13"><span class='ocrx_word' id='word_1_105' title='bbox 209 2381 242 2412; x_wconf 90' lang='lat'>5.</span> <span class='ocrx_word' id='word_1_106' title='bbox 269 2380 377 2413; x_wconf 87' lang='lat' dir='ltr'>Intrat</span> <span class='ocrx_word' id='word_1_107' title='bbox 402 2382 517 2415; x_wconf 87' lang='lat' dir='ltr'>urbem</span> <span class='ocrx_word' id='word_1_108' title='bbox 545 2383 722 2424; x_wconf 86' lang='lat' dir='ltr'>Dacianus‚</span> 
     </span>
     <span class='ocr_line' id='line_1_36' title="bbox 317 2428 661 2473; baseline 0.012 -11"><span class='ocrx_word' id='word_1_109' title='bbox 317 2428 398 2463; x_wconf 86' lang='lat' dir='ltr'>furit</span> <span class='ocrx_word' id='word_1_110' title='bbox 423 2438 519 2465; x_wconf 87' lang='lat' dir='ltr'>atrox</span> <span class='ocrx_word' id='word_1_111' title='bbox 545 2431 661 2473; x_wconf 84' lang='lat' dir='ltr'>bestia,</span> 
     </span>
     <span class='ocr_line' id='line_1_37' title="bbox 267 2479 782 2526; baseline 0.004 -13"><span class='ocrx_word' id='word_1_112' title='bbox 267 2479 417 2521; x_wconf 86' lang='lat' dir='ltr'>Spondet</span> <span class='ocrx_word' id='word_1_113' title='bbox 441 2490 554 2514; x_wconf 91' lang='lat' dir='ltr'>necem</span> <span class='ocrx_word' id='word_1_114' title='bbox 581 2482 782 2526; x_wconf 85' lang='lat' dir='ltr'>christianis,</span> 
     </span>
     <span class='ocr_line' id='line_1_38' title="bbox 314 2529 643 2573; baseline 0.006 -10"><span class='ocrx_word' id='word_1_115' title='bbox 314 2529 443 2564; x_wconf 88' lang='lat' dir='ltr'>intonat</span> <span class='ocrx_word' id='word_1_116' title='bbox 469 2531 643 2573; x_wconf 83' lang='lat' dir='ltr'>supplicia.</span> 
     </span>
    </p>
   </div>
   <div class='ocr_carea' id='block_1_11' title="bbox 909 271 1433 459">
    <p class='ocr_par' dir='ltr' id='par_1_12' title="bbox 909 271 1433 311">
     <span class='ocr_line' id='line_1_39' title="bbox 909 271 1433 311; baseline 0.002 -8"><span class='ocrx_word' id='word_1_117' title='bbox 909 271 942 303; x_wconf 90' lang='lat'>6.</span> <span class='ocrx_word' id='word_1_118' title='bbox 969 271 1139 302; x_wconf 86' lang='lat' dir='ltr'>Accersita</span> <span class='ocrx_word' id='word_1_119' title='bbox 1165 271 1305 311; x_wconf 83' lang='lat' dir='ltr'>primum</span> <span class='ocrx_word' id='word_1_120' title='bbox 1333 272 1433 305; x_wconf 85' lang='lat' dir='ltr'>Fides</span> 
     </span>
    </p>

    <p class='ocr_par' dir='ltr' id='par_1_13' title="bbox 969 319 1431 459">
     <span class='ocr_line' id='line_1_40' title="bbox 1017 319 1431 363; baseline 0.005 -12"><span class='ocrx_word' id='word_1_121' title='bbox 1017 319 1059 351; x_wconf 90' lang='lat' dir='ltr'>ad</span> <span class='ocrx_word' id='word_1_122' title='bbox 1086 323 1261 360; x_wconf 87' lang='lat' dir='ltr'>tyrannum</span> <span class='ocrx_word' id='word_1_123' title='bbox 1290 321 1431 363; x_wconf 88' lang='lat' dir='ltr'>ducitur,</span> 
     </span>
     <span class='ocr_line' id='line_1_41' title="bbox 969 367 1342 401; baseline 0.005 -2"><span class='ocrx_word' id='word_1_124' title='bbox 969 367 1143 399; x_wconf 89' lang='lat' dir='ltr'>Immolare</span> <span class='ocrx_word' id='word_1_125' title='bbox 1170 369 1222 400; x_wconf 91' lang='lat' dir='ltr'>vel</span> <span class='ocrx_word' id='word_1_126' title='bbox 1251 367 1342 401; x_wconf 90' lang='lat' dir='ltr'>feriri</span> 
     </span>
     <span class='ocr_line' id='line_1_42' title="bbox 1016 416 1364 459; baseline 0.009 -11"><span class='ocrx_word' id='word_1_127' title='bbox 1016 416 1125 457; x_wconf 85' lang='lat' dir='ltr'>gladio</span> <span class='ocrx_word' id='word_1_128' title='bbox 1152 418 1364 459; x_wconf 84' lang='lat' dir='ltr'>praecipitur.</span> 
     </span>
    </p>
   </div>
   <div class='ocr_carea' id='block_1_12' title="bbox 1083 524 1296 559">
    <p class='ocr_par' dir='ltr' id='par_1_14' title="bbox 1083 524 1296 559">
     <span class='ocr_line' id='line_1_43' title="bbox 1083 524 1296 559; baseline -0.005 -9"><span class='ocrx_word' id='word_1_129' title='bbox 1083 524 1296 559; x_wconf 78' lang='lat' dir='ltr'>Responsoria.</span> 
     </span>
    </p>
   </div>
   <div class='ocr_carea' id='block_1_13' title="bbox 900 601 1536 886">
    <p class='ocr_par' dir='ltr' id='par_1_15' title="bbox 900 601 1536 886">
     <span class='ocr_line' id='line_1_44' title="bbox 905 601 1354 641; baseline -0.002 -6"><span class='ocrx_word' id='word_1_130' title='bbox 905 602 935 635; x_wconf 90' lang='lat'>1.</span> <span class='ocrx_word' id='word_1_131' title='bbox 964 601 1063 641; x_wconf 84' lang='lat' dir='ltr'>Ecce,</span> <span class='ocrx_word' id='word_1_132' title='bbox 1092 603 1193 636; x_wconf 84' lang='lat' dir='ltr'>Fides</span> <span class='ocrx_word' id='word_1_133' title='bbox 1220 606 1354 634; x_wconf 82' lang='lat' dir='ltr'>evocata</span> 
     </span>
     <span class='ocr_line' id='line_1_45' title="bbox 1015 651 1422 685; baseline 0.005 -2"><span class='ocrx_word' id='word_1_134' title='bbox 1015 652 1134 684; x_wconf 82' lang='lat' dir='ltr'>clamat</span> <span class='ocrx_word' id='word_1_135' title='bbox 1160 656 1235 683; x_wconf 91' lang='lat' dir='ltr'>ante</span> <span class='ocrx_word' id='word_1_136' title='bbox 1262 651 1422 685; x_wconf 85' lang='lat' dir='ltr'>iudicem:</span> 
     </span>
     <span class='ocr_line' id='line_1_46' title="bbox 966 700 1536 742; baseline 0.004 -10"><span class='ocrx_word' id='word_1_137' title='bbox 966 700 1129 733; x_wconf 85' lang='lat' dir='ltr'>Christum</span> <span class='ocrx_word' id='word_1_138' title='bbox 1144 701 1224 742; x_wconf 83' lang='lat' dir='ltr'>colo,</span> <span class='ocrx_word' id='word_1_139' title='bbox 1243 701 1407 733; x_wconf 86' lang='lat' dir='ltr'>Christum</span> <span class='ocrx_word' id='word_1_140' title='bbox 1424 704 1536 734; x_wconf 83' lang='lat' dir='ltr'>testor.</span> 
     </span>
     <span class='ocr_line' id='line_1_47' title="bbox 1013 749 1354 792; baseline -0.006 -10"><span class='ocrx_word' id='word_1_141' title='bbox 1013 751 1154 782; x_wconf 90' lang='lat' dir='ltr'>omnium</span> <span class='ocrx_word' id='word_1_142' title='bbox 1183 749 1354 792; x_wconf 78' lang='lat' dir='ltr'>artificem,</span> 
     </span>
     <span class='ocr_line' id='line_1_48' title="bbox 900 799 1418 833; baseline -0.006 0"><span class='ocrx_word' id='word_1_143' title='bbox 900 801 937 833; x_wconf 93' lang='lat' dir='ltr'>V.</span> <span class='ocrx_word' id='word_1_144' title='bbox 966 800 1011 833; x_wconf 90' lang='lat' dir='ltr'>Ut</span> <span class='ocrx_word' id='word_1_145' title='bbox 1038 808 1189 831; x_wconf 84' lang='lat' dir='ltr'>arcanum</span> <span class='ocrx_word' id='word_1_146' title='bbox 1220 799 1282 830; x_wconf 92' lang='lat' dir='ltr'>mei</span> <span class='ocrx_word' id='word_1_147' title='bbox 1310 799 1418 831; x_wconf 90' lang='lat' dir='ltr'>cordis</span> 
     </span>
     <span class='ocr_line' id='line_1_49' title="bbox 1016 848 1405 886; baseline 0.003 -6"><span class='ocrx_word' id='word_1_148' title='bbox 1016 848 1087 886; x_wconf 72' lang='lat' dir='ltr'>tibi.</span> <span class='ocrx_word' id='word_1_149' title='bbox 1115 848 1224 884; x_wconf 86' lang='lat' dir='ltr'>iudex.</span> <span class='ocrx_word' id='word_1_150' title='bbox 1253 848 1405 881; x_wconf 86' lang='lat' dir='ltr'>indicem.</span> 
     </span>
    </p>
   </div>
   <div class='ocr_carea' id='block_1_14' title="bbox 898 936 1427 1216">
    <p class='ocr_par' dir='ltr' id='par_1_16' title="bbox 898 936 1427 1216">
     <span class='ocr_line' id='line_1_50' title="bbox 907 936 1409 977; baseline -0.002 -8"><span class='ocrx_word' id='word_1_151' title='bbox 907 940 939 972; x_wconf 83' lang='grc'>2,</span> <span class='ocrx_word' id='word_1_152' title='bbox 968 936 1059 972; x_wconf 90' lang='lat' dir='ltr'>Nihil</span> <span class='ocrx_word' id='word_1_153' title='bbox 1087 937 1165 968; x_wconf 92' lang='lat' dir='ltr'>mihi</span> <span class='ocrx_word' id='word_1_154' title='bbox 1193 946 1264 968; x_wconf 83' lang='lat' dir='ltr'>cum</span> <span class='ocrx_word' id='word_1_155' title='bbox 1292 936 1409 977; x_wconf 80' lang='lat' dir='ltr'>Diana,</span> 
     </span>
     <span class='ocr_line' id='line_1_51' title="bbox 1016 986 1413 1026; baseline -0.003 -8"><span class='ocrx_word' id='word_1_156' title='bbox 1016 986 1095 1018; x_wconf 88' lang='lat' dir='ltr'>nihil</span> <span class='ocrx_word' id='word_1_157' title='bbox 1123 995 1194 1017; x_wconf 89' lang='lat' dir='ltr'>cum</span> <span class='ocrx_word' id='word_1_158' title='bbox 1223 986 1413 1026; x_wconf 79' lang='lat' dir='ltr'>Appolline,</span> 
     </span>
     <span class='ocr_line' id='line_1_52' title="bbox 966 1034 1427 1075; baseline -0.004 -8"><span class='ocrx_word' id='word_1_159' title='bbox 966 1036 1053 1075; x_wconf 76' lang='lat' dir='ltr'>Quos</span> <span class='ocrx_word' id='word_1_160' title='bbox 1081 1036 1131 1067; x_wconf 83' lang='lat' dir='ltr'>vel</span> <span class='ocrx_word' id='word_1_161' title='bbox 1158 1035 1320 1075; x_wconf 87' lang='lat' dir='ltr'>appellari</span> <span class='ocrx_word' id='word_1_162' title='bbox 1349 1034 1427 1066; x_wconf 82' lang='lat' dir='ltr'>deos</span> 
     </span>
     <span class='ocr_line' id='line_1_53' title="bbox 1013 1084 1415 1124; baseline -0.002 -8"><span class='ocrx_word' id='word_1_163' title='bbox 1013 1085 1108 1124; x_wconf 85' lang='lat' dir='ltr'>longe</span> <span class='ocrx_word' id='word_1_164' title='bbox 1134 1085 1176 1115; x_wconf 82' lang='lat' dir='ltr'>sit</span> <span class='ocrx_word' id='word_1_165' title='bbox 1203 1084 1243 1115; x_wconf 84' lang='lat' dir='ltr'>ab</span> <span class='ocrx_word' id='word_1_166' title='bbox 1275 1084 1415 1123; x_wconf 86' lang='lat' dir='ltr'>homine,</span> 
     </span>
     <span class='ocr_line' id='line_1_54' title="bbox 898 1132 1353 1167; baseline -0.002 -2"><span class='ocrx_word' id='word_1_167' title='bbox 898 1134 937 1167; x_wconf 89' lang='lat' dir='ltr'>V.</span> <span class='ocrx_word' id='word_1_168' title='bbox 965 1133 1020 1165; x_wconf 91' lang='lat' dir='ltr'>Dii</span> <span class='ocrx_word' id='word_1_169' title='bbox 1049 1133 1148 1164; x_wconf 86' lang='lat' dir='ltr'>vestri</span> <span class='ocrx_word' id='word_1_170' title='bbox 1176 1132 1353 1165; x_wconf 87' lang='lat' dir='ltr'>manufacti</span> 
     </span>
     <span class='ocr_line' id='line_1_55' title="bbox 1017 1182 1324 1216; baseline 0.007 -3"><span class='ocrx_word' id='word_1_171' title='bbox 1017 1182 1060 1214; x_wconf 90' lang='lat' dir='ltr'>dii</span> <span class='ocrx_word' id='word_1_172' title='bbox 1089 1182 1158 1214; x_wconf 86' lang='lat' dir='ltr'>solo</span> <span class='ocrx_word' id='word_1_173' title='bbox 1185 1183 1324 1216; x_wconf 83' lang='lat' dir='ltr'>nomine.</span> 
     </span>
    </p>
   </div>
   <div class='ocr_carea' id='block_1_15' title="bbox 894 1270 1495 1556">
    <p class='ocr_par' dir='ltr' id='par_1_17' title="bbox 894 1270 1495 1556">
     <span class='ocr_line' id='line_1_56' title="bbox 903 1270 1495 1311; baseline -0.007 -7"><span class='ocrx_word' id='word_1_174' title='bbox 903 1273 936 1305; x_wconf 90' lang='lat'>3.</span> <span class='ocrx_word' id='word_1_175' title='bbox 964 1270 1091 1311; x_wconf 85' lang='lat' dir='ltr'>Sponsa</span> <span class='ocrx_word' id='word_1_176' title='bbox 1119 1270 1240 1302; x_wconf 78' lang='lat' dir='ltr'>Christi</span> <span class='ocrx_word' id='word_1_177' title='bbox 1268 1274 1495 1301; x_wconf 84' lang='lat' dir='ltr'>contemnente</span> 
     </span>
     <span class='ocr_line' id='line_1_57' title="bbox 1013 1320 1454 1360; baseline -0.002 -9"><span class='ocrx_word' id='word_1_178' title='bbox 1013 1320 1127 1357; x_wconf 77' lang='lat' dir='ltr'>minas,</span> <span class='ocrx_word' id='word_1_179' title='bbox 1156 1328 1281 1360; x_wconf 85' lang='lat' dir='ltr'>preces.</span> <span class='ocrx_word' id='word_1_180' title='bbox 1310 1328 1454 1357; x_wconf 84' lang='lat' dir='ltr'>munera,</span> 
     </span>
     <span class='ocr_line' id='line_1_58' title="bbox 962 1369 1383 1408; baseline -0.005 -7"><span class='ocrx_word' id='word_1_181' title='bbox 962 1369 1082 1401; x_wconf 90' lang='lat' dir='ltr'>Tortor</span> <span class='ocrx_word' id='word_1_182' title='bbox 1109 1372 1203 1408; x_wconf 77' lang='lat' dir='ltr'>parat</span> <span class='ocrx_word' id='word_1_183' title='bbox 1230 1369 1383 1400; x_wconf 72' lang='lat' dir='ltr'>universa</span> 
     </span>
     <span class='ocr_line' id='line_1_59' title="bbox 1010 1422 1403 1458; baseline -0.005 -9"><span class='ocrx_word' id='word_1_184' title='bbox 1010 1422 1245 1449; x_wconf 87' lang='lat' dir='ltr'>tormentorum</span> <span class='ocrx_word' id='word_1_185' title='bbox 1273 1426 1403 1458; x_wconf 75' lang='lat' dir='ltr'>genera,</span> 
     </span>
     <span class='ocr_line' id='line_1_60' title="bbox 894 1467 1415 1506; baseline 0.004 -8"><span class='ocrx_word' id='word_1_186' title='bbox 894 1467 932 1501; x_wconf 92' lang='lat' dir='ltr'>V.</span> <span class='ocrx_word' id='word_1_187' title='bbox 961 1468 1072 1499; x_wconf 81' lang='lat' dir='ltr'>Iussus</span> <span class='ocrx_word' id='word_1_188' title='bbox 1100 1476 1220 1506; x_wconf 86' lang='lat' dir='ltr'>poenas</span> <span class='ocrx_word' id='word_1_189' title='bbox 1248 1467 1415 1500; x_wconf 77' lang='lat' dir='ltr'>innovare.</span> 
     </span>
     <span class='ocr_line' id='line_1_61' title="bbox 1011 1516 1377 1556; baseline 0 -9"><span class='ocrx_word' id='word_1_190' title='bbox 1011 1516 1213 1556; x_wconf 77' lang='lat' dir='ltr'>perscrutari</span> <span class='ocrx_word' id='word_1_191' title='bbox 1241 1516 1377 1547; x_wconf 81' lang='lat' dir='ltr'>viscera.</span> 
     </span>
    </p>
   </div>
   <div class='ocr_carea' id='block_1_16' title="bbox 898 1604 1534 1795">
    <p class='ocr_par' dir='ltr' id='par_1_18' title="bbox 898 1604 1380 1645">
     <span class='ocr_line' id='line_1_62' title="bbox 898 1604 1380 1645; baseline -0.008 -6"><span class='ocrx_word' id='word_1_192' title='bbox 898 1607 931 1639; x_wconf 94' lang='lat'>4.</span> <span class='ocrx_word' id='word_1_193' title='bbox 958 1604 1009 1637; x_wconf 88' lang='lat' dir='ltr'>Ex</span> <span class='ocrx_word' id='word_1_194' title='bbox 1037 1609 1215 1645; x_wconf 87' lang='lat' dir='ltr'>praecepto</span> <span class='ocrx_word' id='word_1_195' title='bbox 1243 1604 1380 1636; x_wconf 82' lang='lat' dir='ltr'>Daciani</span> 
     </span>
    </p>

    <p class='ocr_par' dir='ltr' id='par_1_19' title="bbox 958 1653 1534 1743">
     <span class='ocr_line' id='line_1_63' title="bbox 1009 1653 1408 1693; baseline -0.003 -7"><span class='ocrx_word' id='word_1_196' title='bbox 1009 1653 1157 1686; x_wconf 88' lang='lat' dir='ltr'>carnifex</span> <span class='ocrx_word' id='word_1_197' title='bbox 1186 1654 1408 1693; x_wconf 80' lang='lat' dir='ltr'>congreditur,</span> 
     </span>
     <span class='ocr_line' id='line_1_64' title="bbox 958 1701 1534 1743; baseline 0 -7"><span class='ocrx_word' id='word_1_198' title='bbox 958 1702 1089 1736; x_wconf 85' lang='lat' dir='ltr'>Cratem</span> <span class='ocrx_word' id='word_1_199' title='bbox 1117 1702 1255 1743; x_wconf 82' lang='lat' dir='ltr'>profert.</span> <span class='ocrx_word' id='word_1_200' title='bbox 1284 1703 1398 1735; x_wconf 84' lang='lat' dir='ltr'>subtus</span> <span class='ocrx_word' id='word_1_201' title='bbox 1424 1701 1534 1736; x_wconf 82' lang='lat' dir='ltr'>carbo.</span> 
     </span>
    </p>

    <p class='ocr_par' dir='ltr' id='par_1_20' title="bbox 1006 1753 1396 1795">
     <span class='ocr_line' id='line_1_65' title="bbox 1006 1753 1396 1795; baseline 0 -11"><span class='ocrx_word' id='word_1_202' title='bbox 1006 1762 1106 1793; x_wconf 87' lang='lat' dir='ltr'>super</span> <span class='ocrx_word' id='word_1_203' title='bbox 1134 1753 1224 1793; x_wconf 80' lang='lat' dir='ltr'>virgo</span> <span class='ocrx_word' id='word_1_204' title='bbox 1251 1753 1396 1795; x_wconf 82' lang='lat' dir='ltr'>ponitur,</span> 
     </span>
    </p>
   </div>
   <div class='ocr_carea' id='block_1_17' title="bbox 889 1801 1430 1842">
    <p class='ocr_par' dir='ltr' id='par_1_21' title="bbox 889 1801 1430 1842">
     <span class='ocr_line' id='line_1_66' title="bbox 889 1801 1430 1842; baseline -0.004 -7"><span class='ocrx_word' id='word_1_205' title='bbox 889 1802 930 1836; x_wconf 89' lang='lat' dir='ltr'>V.</span> <span class='ocrx_word' id='word_1_206' title='bbox 960 1801 1052 1834; x_wconf 90' lang='lat' dir='ltr'>Nihil</span> <span class='ocrx_word' id='word_1_207' title='bbox 1079 1803 1135 1834; x_wconf 92' lang='lat' dir='ltr'>ille</span> <span class='ocrx_word' id='word_1_208' title='bbox 1162 1802 1430 1842; x_wconf 83' lang='lat' dir='ltr'>praetermittens</span> 
     </span>
    </p>
   </div>
   <div class='ocr_carea' id='block_1_18' title="bbox 1009 1851 1488 1894">
    <p class='ocr_par' dir='ltr' id='par_1_22' title="bbox 1009 1851 1488 1894">
     <span class='ocr_line' id='line_1_67' title="bbox 1009 1851 1488 1894; baseline 0 -11"><span class='ocrx_word' id='word_1_209' title='bbox 1009 1860 1048 1883; x_wconf 85' lang='lat' dir='ltr'>ex</span> <span class='ocrx_word' id='word_1_210' title='bbox 1076 1851 1136 1894; x_wconf 77' lang='lat' dir='ltr'>his,</span> <span class='ocrx_word' id='word_1_211' title='bbox 1165 1860 1248 1892; x_wconf 86' lang='lat' dir='ltr'>quae</span> <span class='ocrx_word' id='word_1_212' title='bbox 1274 1851 1488 1892; x_wconf 85' lang='lat' dir='ltr'>praecipitur.</span> 
     </span>
    </p>
   </div>
   <div class='ocr_carea' id='block_1_19' title="bbox 992 1989 1365 2025">
    <p class='ocr_par' dir='ltr' id='par_1_23' title="bbox 992 1989 1365 2025">
     <span class='ocr_line' id='line_1_68' title="bbox 992 1989 1365 2025; baseline 0.005 -4"><span class='ocrx_word' id='word_1_213' title='bbox 992 1990 1038 2021; x_wconf 91' lang='lat' dir='ltr'>In</span> <span class='ocrx_word' id='word_1_214' title='bbox 1067 1991 1099 2025; x_wconf 85' lang='lat'>3,</span> <span class='ocrx_word' id='word_1_215' title='bbox 1128 1989 1365 2023; x_wconf 82' lang='lat' dir='ltr'>Nocturno.</span> 
     </span>
    </p>
   </div>
   <div class='ocr_carea' id='block_1_20' title="bbox 1081 2068 1293 2104">
    <p class='ocr_par' dir='ltr' id='par_1_24' title="bbox 1081 2068 1293 2104">
     <span class='ocr_line' id='line_1_69' title="bbox 1081 2068 1293 2104; baseline -0.009 -9"><span class='ocrx_word' id='word_1_216' title='bbox 1081 2068 1293 2104; x_wconf 66' lang='lat' dir='ltr'>Responsuria.</span> 
     </span>
    </p>
   </div>
   <div class='ocr_carea' id='block_1_21' title="bbox 896 2146 1478 2338">
    <p class='ocr_par' dir='ltr' id='par_1_25' title="bbox 896 2146 1478 2338">
     <span class='ocr_line' id='line_1_70' title="bbox 896 2146 1478 2187; baseline -0.005 -6"><span class='ocrx_word' id='word_1_217' title='bbox 896 2148 926 2181; x_wconf 93' lang='lat'>1.</span> <span class='ocrx_word' id='word_1_218' title='bbox 955 2147 1076 2180; x_wconf 87' lang='lat' dir='ltr'>Tortor</span> <span class='ocrx_word' id='word_1_219' title='bbox 1104 2146 1215 2179; x_wconf 85' lang='lat' dir='ltr'>furens</span> <span class='ocrx_word' id='word_1_220' title='bbox 1243 2146 1330 2180; x_wconf 86' lang='lat' dir='ltr'>fovet</span> <span class='ocrx_word' id='word_1_221' title='bbox 1360 2148 1478 2187; x_wconf 77' lang='lat' dir='ltr'>ignem,</span> 
     </span>
     <span class='ocr_line' id='line_1_71' title="bbox 1004 2196 1401 2238; baseline 0 -10"><span class='ocrx_word' id='word_1_222' title='bbox 1004 2196 1133 2229; x_wconf 77' lang='lat' dir='ltr'>flamma</span> <span class='ocrx_word' id='word_1_223' title='bbox 1160 2197 1263 2238; x_wconf 78' lang='lat' dir='ltr'>surgit</span> <span class='ocrx_word' id='word_1_224' title='bbox 1290 2197 1401 2237; x_wconf 74' lang='lat' dir='ltr'>altius,</span> 
     </span>
     <span class='ocr_line' id='line_1_72' title="bbox 955 2246 1398 2287; baseline -0.002 -9"><span class='ocrx_word' id='word_1_225' title='bbox 955 2246 1065 2287; x_wconf 89' lang='lat' dir='ltr'>Rupta</span> <span class='ocrx_word' id='word_1_226' title='bbox 1092 2250 1165 2278; x_wconf 83' lang='lat' dir='ltr'>cute</span> <span class='ocrx_word' id='word_1_227' title='bbox 1194 2246 1241 2277; x_wconf 76' lang='lat' dir='ltr'>vis</span> <span class='ocrx_word' id='word_1_228' title='bbox 1269 2247 1398 2278; x_wconf 73' lang='lat' dir='ltr'>ardoris</span> 
     </span>
     <span class='ocr_line' id='line_1_73' title="bbox 1003 2296 1329 2338; baseline 0 -11"><span class='ocrx_word' id='word_1_229' title='bbox 1003 2298 1155 2338; x_wconf 86' lang='lat' dir='ltr'>penetrat</span> <span class='ocrx_word' id='word_1_230' title='bbox 1182 2296 1329 2336; x_wconf 80' lang='lat' dir='ltr'>interius,</span> 
     </span>
    </p>
   </div>
   <div class='ocr_carea' id='block_1_22' title="bbox 886 2344 1529 2377">
    <p class='ocr_par' dir='ltr' id='par_1_26' title="bbox 886 2344 1529 2377">
     <span class='ocr_line' id='line_1_74' title="bbox 886 2344 1529 2377; baseline -0.005 0"><span class='ocrx_word' id='word_1_231' title='bbox 886 2345 925 2377; x_wconf 91' lang='lat' dir='ltr'>V.</span> <span class='ocrx_word' id='word_1_232' title='bbox 953 2344 1039 2377; x_wconf 88' lang='lat' dir='ltr'>Dum</span> <span class='ocrx_word' id='word_1_233' title='bbox 1068 2344 1226 2377; x_wconf 86' lang='lat' dir='ltr'>carbones</span> <span class='ocrx_word' id='word_1_234' title='bbox 1255 2349 1286 2376; x_wconf 88' lang='lat' dir='ltr'>et</span> <span class='ocrx_word' id='word_1_235' title='bbox 1310 2354 1365 2377; x_wconf 86' lang='lat' dir='ltr'>aes</span> <span class='ocrx_word' id='word_1_236' title='bbox 1385 2344 1529 2376; x_wconf 75' lang='lat' dir='ltr'>caudens</span> 
     </span>
    </p>
   </div>
   <div class='ocr_carea' id='block_1_23' title="bbox 1004 2395 1353 2427">
    <p class='ocr_par' dir='ltr' id='par_1_27' title="bbox 1004 2395 1353 2427">
     <span class='ocr_line' id='line_1_75' title="bbox 1004 2395 1353 2427; baseline 0 -1"><span class='ocrx_word' id='word_1_237' title='bbox 1004 2395 1175 2426; x_wconf 81' lang='lat' dir='ltr'>vulnerant</span> <span class='ocrx_word' id='word_1_238' title='bbox 1199 2395 1353 2427; x_wconf 75' lang='lat' dir='ltr'>exterius.</span> 
     </span>
    </p>
   </div>
   <div class='ocr_carea' id='block_1_24' title="bbox 892 2482 1361 2574">
    <p class='ocr_par' dir='ltr' id='par_1_28' title="bbox 892 2482 1361 2574">
     <span class='ocr_line' id='line_1_76' title="bbox 892 2482 1306 2516; baseline -0.002 0"><span class='ocrx_word' id='word_1_239' title='bbox 892 2484 924 2516; x_wconf 88' lang='lat'>2.</span> <span class='ocrx_word' id='word_1_240' title='bbox 953 2482 1132 2515; x_wconf 86' lang='lat' dir='ltr'>Nuntiatur</span> <span class='ocrx_word' id='word_1_241' title='bbox 1158 2483 1306 2515; x_wconf 84' lang='lat' dir='ltr'>Daciano</span> 
     </span>
     <span class='ocr_line' id='line_1_77' title="bbox 1003 2532 1361 2574; baseline -0.003 -10"><span class='ocrx_word' id='word_1_242' title='bbox 1003 2532 1139 2574; x_wconf 85' lang='lat' dir='ltr'>virginis</span> <span class='ocrx_word' id='word_1_243' title='bbox 1166 2532 1361 2569; x_wconf 82' lang='lat' dir='ltr'>constantia,</span> 
     </span>
    </p>
   </div>
  </div>
 </body>
</html>
