1650 2727
173 1783 205 1816 .ΐῦ

714 166 958 202 -53-

232 264 381 305 Dionysi,

281 314 334 354 qui
362 318 394 345 te
422 313 579 356 visitavit,

231 362 307 395 Tibi
333 362 436 403 gratis

283 411 364 443 dans
390 411 606 452 privilegium,

235 459 280 493 Ut
307 460 348 492 tis
373 460 484 501 lingua

282 508 346 541 fine
373 509 550 549 peroravit,

233 558 395 590 Videlicet

282 616 341 638 sua
367 607 482 647 petitio

237 656 312 689 Sive
343 654 429 688 facta

283 704 340 736 tub
362 708 417 736 tuo
444 704 575 736 nomine

232 753 427 794 Adnuetur;

282 811 358 843 ergo
385 802 532 835 subsidio

234 851 314 887 Tuo.
345 860 452 891 posce,

286 901 387 932 simus
414 901 447 932 in
474 900 604 932 lumine.

1064 262 1109 290 Ad
1131 262 1317 298 Magnificat.

867 334 908 368 A.
943 332 1032 366 Cleri
1058 333 1242 373 progenies,

990 381 1129 413 Domino
1141 389 1225 412 nunc
1235 389 1386 420 promere
1399 381 1514 414 laudes

941 430 1020 463 Alta
1047 438 1126 462 voce
1152 429 1258 461 tribus

991 479 1096 510 nitere
1123 478 1336 519 martyribus,

943 527 1061 559 Larcia
1087 536 1166 567 quos
1194 527 1313 559 stravit

991 577 1087 608 hodie
1115 585 1255 616 vereque
1282 575 1403 607 levavit

942 625 1068 657 Horum
1096 625 1197 657 natali

990 674 1140 707 Christus
1162 674 1194 705 iu
1222 682 1297 705 arce
1323 673 1402 713 poli.

941 723 1030 763 Ergo
1058 727 1092 754 tu
1119 723 1214 754 socii—

989 781 1051 812 que
1079 776 1208 812 rogate,
1243 780 1336 803 sacer
1366 770 1513 812 Dionysi,

942 821 985 854 Ut
1014 822 1064 852 vir
1090 821 1226 861 quisque
1254 820 1315 852 Dei

992 870 1095 910 possit
1122 879 1232 901 amore
1261 868 1334 901 frui.

239 979 326 1005 Brev.
348 977 378 1004 S.
402 977 549 1004 Baruardi
576 977 612 1004 de
634 977 778 1004 Romanis
807 978 876 1013 iuip.
901 977 931 1003 in
954 977 1096 1003 Romanis
1124 975 1206 1003 1:315.
1230 991 1265 994 -
1296 977 1336 1003 ln
1359 974 1384 1003 2.
1409 976 1460 1003 No
1470 986 1484 1001 ‹·
1495 981 1515 1002 t.

160 1017 187 1046 A
210 1015 235 1049 l,
257 1016 274 1045 3
297 1017 437 1044 fundasti.
457 1033 493 1036 -
516 1017 555 1043 In
577 1016 690 1043 Laud.
712 1015 737 1043 A
753 1014 779 1049 2,
802 1013 820 1043 2
841 1017 945 1043 crevit.
961 1031 998 1033 —
1013 1015 1037 1043 A
1055 1014 1081 1047 2,
1103 1015 1121 1042 4
1138 1016 1233 1043 fidem.
1252 1030 1289 1034 —
1306 1016 1347 1042 In
1364 1013 1389 1041 ¹2.
1406 1016 1514 1051 Vesp.

160 1054 210 1083 Ad
232 1057 322 1092 Magn
359 1055 376 1081 5
398 1055 512 1082 Lam-es
535 1064 619 1091 quos.

629 1171 671 1201 21.
715 1170 756 1201 De
779 1170 889 1201 sancto
912 1168 1050 1200 Domnio.

303 1253 661 1292 1111.Vesperis.

384 1339 585 1375 Antiphonae.

200 1464 208 1471 .
235 1438 379 1480 Belliger
405 1439 468 1471 iste
495 1448 595 1479 sagax

283 1497 342 1528 pro
369 1488 440 1528 lege
467 1488 529 1519 Dei
556 1497 612 1519 sua
640 1487 787 1520 membra

234 1536 377 1569 Contulit
404 1536 447 1568 ad
476 1541 611 1568 mortem

282 1585 516 1626 moriendoque
526 1585 665 1626 perculit
678 1585 813 1624 hostem,

232 1634 317 1666 Nam
343 1638 439 1675 petra
467 1635 616 1668 Christus
644 1638 724 1676 erat,

282 1693 346 1724 qua
372 1683 498 1716 solidus
523 1687 672 1716 steterat.

233 1781 365 1822 Martyr
391 1781 444 1813 hic
471 1785 518 1813 est
547 1791 650 1822 verus,

281 1839 342 1871 pro
370 1830 494 1864 Christi
531 1831 660 1863 nomine
687 1840 805 1872 corpus

235 1880 297 1920 Qui
325 1880 418 1912 dedit
444 1883 604 1912 tortorum

279 1929 465 1970 spernendo
492 1929 557 1961 tela
584 1931 754 1972 minarum,

231 1978 372 2011 Militiae
398 1978 507 2019 palma

281 2037 376 2068 quem
403 2028 528 2060 caelum
556 2029 688 2061 sustulit
707 2029 803 2062 alma.

198 2151 205 2158 .
233 2126 373 2166 Respuit
399 2126 452 2158 hic
479 2125 646 2166 mundum,

278 2175 374 2208 ludos
411 2174 588 2217 floremque
614 2176 802 2217 iucundum,

229 2224 356 2258 Cuncta
383 2225 508 2258 caduca
533 2225 596 2258 soli

277 2274 403 2307 librans
430 2278 463 2307 et
489 2275 607 2316 gaudia
635 2274 728 2314 caeli,

230 2323 372 2356 Divitias
399 2324 468 2356 illic

278 2376 376 2415 atque
405 2373 494 2406 velut
519 2382 577 2407 ore
603 2373 735 2406 locavit.

197 2497 204 2505 .
230 2471 316 2505 Dum
343 2472 415 2514 quis
441 2476 632 2514 temptatur,

279 2521 307 2554 si
335 2531 400 2555 non
427 2521 527 2562 cadit,
554 2521 633 2554 inde
661 2521 790 2562 beatur,

943 1251 1118 1284 Coronavit
1147 1260 1229 1289 eum,

991 1300 1045 1340 qui
1072 1300 1195 1331 iudicat
1215 1309 1309 1331 omne
1329 1299 1513 1340 probatum,

944 1349 993 1381 Ex
1023 1349 1140 1380 merito
1168 1349 1297 1380 rutilam

992 1398 1083 1430 dabit
1110 1398 1163 1429 isti
1192 1398 1288 1429 laude
1315 1406 1478 1429 coronam.

880 1478 911 1509 5.
940 1476 1035 1508 Hunc
1064 1476 1151 1508 Deus
1179 1477 1318 1513 ornavit,

987 1525 1042 1565 qui
1070 1535 1130 1565 pro
1158 1525 1282 1556 meritis
1310 1525 1487 1560 adamavit,

944 1573 1165 1614 Gloriticaque
1194 1575 1277 1605 stola

991 1623 1121 1655 vestivit
1150 1623 1326 1663 splendida
1353 1623 1439 1655 colla

942 1673 995 1704 Ad
1023 1673 1248 1714 paradisiacas

991 1722 1141 1753 ducendo
1162 1731 1220 1762 per
1239 1722 1371 1753 aethera
1388 1724 1512 1762 portas.

1063 1809 1108 1836 Ad
1131 1809 1317 1845 Magnificat.

866 1870 907 1903 A.
941 1869 966 1902 Ο
994 1879 1089 1910 quam
1118 1873 1230 1901 saneta
1260 1870 1339 1911 (lies,

990 1929 1008 1951 ο
1035 1929 1129 1959 quan]
1160 1918 1277 1950 festiva
1306 1918 1457 1960 refulget,

942 1968 1086 2008 Viribus,
1116 1978 1146 2003 o,
1172 1969 1249 2000 totis

990 2018 1089 2050 castis
1127 2017 1389 2058 celebrandaque
1418 2018 1514 2057 votis,

937 2068 1006 2107 Qua
1034 2067 1181 2099 bonitate
1209 2067 1312 2099 bonus

990 2120 1102 2148 noster
1129 2122 1213 2148 meat
1231 2122 1321 2149 astra
1344 2120 1514 2157 patronus,

940 2165 1109 2206 Domnius‚
1138 2166 1180 2198 ad
1209 2166 1294 2198 vitae

989 2215 1107 2256 gaudia
1137 2219 1327 2257 perpetuae.

994 2335 1041 2367 In
1080 2335 1110 2367 1.
1148 2334 1388 2366 Nocturno.

1087 2401 1289 2438 Antiphonae.

880 2472 911 2508 1.
938 2473 1048 2506 Morte
1074 2471 1268 2512 triumphali

988 2521 1153 2563 superatis
1180 2520 1344 2553 morsibus
1370 2520 1489 2561 anguis
