1650 2727
190 246 222 279 5.
251 244 360 286 Opera
385 245 547 278 novalium

299 294 425 326 Tauros
450 303 601 334 necuere,

252 343 315 376 Per
341 352 469 375 cursum
497 344 648 376 eximium

300 391 385 433 Equi
410 392 547 435 periere,

250 440 455 482 Frequenter
480 441 689 474 tractantium

300 490 417 522 Manus
444 490 581 533 riguere,

252 538 389 571 Ferrum
418 543 530 570 cuncta
559 539 694 571 domans

300 591 371 619 acet
397 588 483 618 omni
511 587 622 620 durius
649 596 737 622 aere.

190 675 222 708 6.
251 674 390 707 Laboris
416 675 581 706 immodici

303 723 431 755 Pondus
459 726 574 754 cuncta
597 724 684 763 teiit,

250 773 317 812 Quo
343 772 449 812 gregis
476 772 663 803 scholastici

299 821 411 853 Virtus
439 824 506 852 tota
532 821 628 862 perit,

249 871 365 907 Arcus,
394 874 427 899 ut
457 869 610 900 Nasonici

301 918 391 950 Libri
420 926 547 949 carmen
576 918 666 956 serit,

251 966 283 998 Si
311 975 472 1005 nunquam
501 975 607 997 cesses

299 1014 442 1055 tendere,
472 1015 577 1046 mollis
605 1015 677 1047 erit.

824 147 969 183 92-

895 248 925 280 7.
954 247 1188 288 Exemplorum
1213 241 1351 291 [talium]

1003 296 1188 328 Attendens
1216 297 1370 328 virtutem

955 345 1128 385 Paulisper
1154 345 1353 377 studentium

1001 393 1095 425 Tolle
1119 394 1321 432 servitutem,

953 441 1084 474 Revoca
1109 451 1170 482 per
1195 443 1295 474 otium

1004 490 1156 523 Nostram
1183 492 1394 530 iuventutem,

954 540 1052 580 Quae,
1081 539 1144 571 nisi
1169 544 1204 571 tu
1232 538 1374 580 dederis,

1003 598 1067 620 non
1094 592 1141 620 est
1168 589 1320 620 habitura
1346 587 1494 622 salutem,

894 675 926 707 8.
953 675 1066 715 Longo
1092 677 1211 715 pressit
1235 675 1342 717 spatio

1002 723 1069 755 Nos
1095 724 1188 756 labor
1214 724 1372 764 poenalis,

953 772 1023 804 Nec
1048 782 1107 804 nos
1134 774 1294 805 recreatio

1001 820 1099 852 Fovit
1124 822 1285 864 aliqualis,

955 869 1020 902 Sed
1047 868 1215 902 confracta
1242 869 1350 902 studio

1003 917 1060 949 Vis
1088 922 1137 949 est
1164 918 1353 958 corporalis.

952 966 1119 1007 Ingenium
1146 968 1245 999 tantis

1003 1015 1145 1046 exsultat
1170 1025 1264 1047 omne
1291 1015 1396 1048 malis.

253 1101 374 1128 Collect.
398 1109 441 1126 ms
474 1101 662 1128 Victorinum
684 1110 763 1129 saec.
789 1100 833 1129 13.
855 1099 897 1137 [et
922 1100 979 1137 l4.]
1014 1100 1433 1129 Cod.Pa1-isin.114l2.-
1454 1099 1480 1135 3,
1501 1099 1520 1130 3

174 1139 233 1167 Sed
254 1149 319 1176 mag=
314 1150 339 1167 e
362 1148 413 1176 pro
409 1140 540 1167 ficimus.
562 1155 599 1159 —
620 1138 652 1172 3,
674 1139 693 1167 4
714 1141 847 1169 innatos.
869 1155 906 1160 —
927 1139 959 1173 4,
981 1139 1000 1167 4
1021 1141 1137 1168 diescit.
1160 1156 1195 1159 —
1217 1140 1250 1171 5,
1280 1140 1298 1168 6
1319 1141 1428 1168 Manus
1451 1149 1520 1169 con-

172 1179 279 1206 fusere.
296 1195 333 1197 —
356 1177 381 1206 6

409 1177 532 1214 'grege
554 1179 693 1206 scholari.
713 1196 749 1199 —
771 1178 797 1213 6,
821 1180 838 1208 6
859 1181 999 1207 carmine.
1016 1194 1053 1198 —
1074 1178 1101 1212 8,
1123 1180 1141 1206 4
1156 1180 1260 1208 Fovet.
1276 1195 1311 1199 —
1334 1178 1361 1211 8,
1383 1178 1401 1207 8
1417 1181 1521 1217 exigit.

173 1232 209 1237 —
233 1218 275 1245 Ζυ.
289 1218 351 1245 dies
355 1227 401 1245 em
415 1217 462 1244 Li
463 1217 506 1244 (·16
529 1217 620 1245 findet
641 1218 706 1245 sich
727 1220 761 1246 in
780 1219 832 1247 der
853 1219 908 1246 Hs
929 1218 1008 1246 noch
1030 1220 1080 1245 ein
1098 1220 1217 1247 zweiter
1233 1220 1351 1255 Anfang
1371 1219 1433 1250 (fol.
1448 1217 1520 1255 9a):

641 1277 855 1312 Magistrorum
877 1278 1010 1304 omnium

680 1317 778 1343 Decus
800 1316 939 1352 speciale,

639 1354 828 1391 Adelphe,
855 1363 909 1390 per
930 1355 1060 1382 studium

679 1395 795 1421 Nomen
817 1394 996 1426 immortale,

639 1433 750 1468 Accipe
771 1432 955 1460 scholarium

678 1472 798 1499 Turbae
819 1479 940 1507 pressae
962 1472 1048 1505 male,

641 1510 724 1544 Quae
746 1511 812 1543 tibi,
833 1510 913 1555 qutod
935 1511 1037 1542 mittit,

677 1558 737 1576 non
758 1549 849 1578 habet
870 1550 937 1585 ipsa
959 1550 1062 1577 Vale.

172 1606 261 1633 Danu
289 1606 364 1644 t'olgt
385 1606 462 1632 noch
479 1605 535 1633 Sti.
552 1604 570 1632 2
593 1607 653 1634 und
675 1608 722 1636 die
737 1607 928 1645 Bemerkung
952 1608 1113 1644 „Superius
1136 1611 1279 1646 scriptum
1301 1608 1372 1638 ests·
1390 1626 1427 1629 —
1450 1607 1521 1647 Vgl.

218 1644 313 1678 101,
336 1646 393 1672 Str.
419 1644 442 1671 1.

437 1769 498 1800 108.
541 1770 719 1802 Altercatio
740 1771 826 1803 inter
846 1770 978 1802 Fratres
1001 1773 1034 1802 et
1055 1772 1254 1813 Magistrum.

429 1861 556 1888 Fratres.

187 1925 218 1959 1.
249 1925 288 1957 R.
319 1925 439 1957 decane
466 1925 617 1968 civitatis,

246 1975 282 2005 In
309 1983 371 2014 quo
397 1983 461 2004 non
489 1978 538 2005 est
562 1974 706 2008 levitatis

295 2022 422 2055 Crimen
452 2023 501 2054 vel
528 2021 670 2067 fallacia,

245 2071 362 2104 Omnes
391 2069 509 2102 fratres
539 2072 651 2105 domus
679 2073 741 2106 Dei

245 2120 429 2152 Salutamus
456 2121 577 2160 speciei

294 2169 342 2201 Te
366 2168 498 2209 plenum
525 2170 674 2206 eximiae,

416 2276 570 2311 Magister.

153 2382 157 2385 ι
185 2343 217 2375 2.
245 2340 391 2379 Decane,
420 2340 471 2372 vir
495 2339 623 2384 nobilis,

294 2390 399 2432 Salve,
429 2390 618 2431 reverende,

244 2439 327 2472 Mihi
355 2438 545 2471 favorabilis

294 2488 425 2522 Cunctis
452 2488 679 2522 condescende

951 1863 995 1895 Et
1021 1864 1169 1904 magistri
1197 1865 1315 1898 debilis

1002 1912 1174 1946 Sermones
1200 1915 1344 1951 attende,

952 1961 1124 2002 Proposito
1151 1963 1278 1995 stabilis

998 2011 1168 2051 proprium
1180 2013 1229 2044 ius
1239 2013 1354 2054 cuique
1362 2013 1518 2054 repende.

1133 2094 1262 2122 Fratres.

888 2148 922 2182 3.
948 2148 1120 2188 Querelam
1146 2149 1305 2191 intellige,

999 2197 1142 2230 Patrone
1168 2198 1284 2239 perite,

950 2245 1020 2277 Nec
1045 2255 1210 2279 sermones
1238 2247 1376 2289 neglige,

999 2295 1184 2336 Pauperum
1209 2296 1320 2336 oblite,

949 2343 1076 2376 Iudicio
1103 2345 1208 2386 dirige

999 2392 1067 2425 Nos
1095 2393 1243 2427 discussa
1268 2396 1327 2428 lite

951 2441 1057 2474 Detur
1082 2442 1260 2477 inoffensae

997 2491 1059 2523 tibi
1085 2497 1189 2526 metas
1215 2497 1352 2536 tangere
1379 2494 1466 2528 vitae
