1650 2727
686 198 734 206 —
787 182 956 218 159—

239 278 376 320 Quando
403 277 528 311 Christi

286 335 406 367 corpus
431 330 618 370 consecrat;

335 375 444 408 Dante
470 375 602 410 Christo

289 423 343 457 Sic
370 433 457 456 mors
483 423 701 467 abscesserat,

285 472 361 506 Vita
387 473 542 506 redierat.

167 521 206 555 V.
234 521 314 555 Mox
341 521 466 554 assistit

285 571 367 603 caeli
394 571 511 604 militia

237 621 370 654 Ducens
395 620 487 652 illum

285 669 329 703 ad
356 678 434 702 vera
459 669 591 711 gaudia.

175 768 208 802 2.
237 767 380 801 Cunctos
405 768 546 801 salvavit
570 767 746 812 languidos

286 817 469 857 oppressos
496 817 526 848 vi
555 817 727 860 daemonii,

236 866 370 898 Peccati
397 865 488 898 faece
515 866 683 899 morbidos

287 914 327 947 Vi
359 914 481 948 Christi
517 912 623 959 [sanat
648 911 784 961 munii];

168 964 210 997 V.
239 964 357 1005 Signis,
387 965 494 997 verbis

286 1012 393 1045 reficit
414 1014 512 1046 variis

236 1061 416 1102 Aethiopes

288 1112 401 1150 sponsi
428 1111 583 1145 cellariis.

176 1209 209 1241 3.
238 1208 392 1242 Radiavit
418 1209 595 1250 splendens

286 1258 379 1290 miris
406 1258 577 1300 prodigiis,

235 1307 358 1340 Missus
382 1307 415 1339 in
444 1308 582 1340 salutem

284 1361 445 1388 terrarum
472 1356 549 1389 filiis

335 1406 372 1438 In
399 1405 513 1438 effecto
540 1405 651 1446 rutilo,

233 1454 319 1494 Quos
346 1455 482 1497 curavit,

233 1503 421 1544 Baptizavit

281 1553 440 1585 Errorum
468 1553 562 1594 pulso
587 1552 710 1594 nubilo,

283 1601 439 1635 Gaudens
466 1602 576 1636 cordis
603 1602 716 1636 iubilo.

169 1649 207 1682 V.
235 1650 433 1684 Coniunctus
460 1660 553 1684 sanc-

284 1704 390 1732 torum
418 1701 540 1734 solacio

233 1749 308 1782 Illic
334 1749 462 1789 plaudit

282 1796 396 1843 [laeto]
424 1799 581 1841 tripudio,

261 1957 306 1989 In
344 1958 377 1990 3.
411 1956 648 1994 Nocturno.

350 2045 552 2084 Autiphonae.

169 2144 200 2178 1.
227 2145 380 2188 Eligebat
407 2152 540 2180 sanctus

276 2195 393 2228 Mundi
424 2196 614 2238 ludibrium,

227 2243 308 2278 Tale
335 2245 469 2280 Christo
495 2250 606 2279 tantus

273 2287 364 2329 Dans
392 2295 599 2333 sacrificium,

166 2392 200 2426 2.
226 2392 360 2426 Rubens
387 2398 514 2436 martyr
536 2395 694 2436 sanguine

274 2442 360 2476 Fide
385 2445 582 2488 gratulatur,

223 2491 328 2526 Deum
354 2494 424 2534 poli
450 2493 580 2536 agmine

276 2542 374 2576 Clare
401 2543 654 2584 contemplatur.

886 281 918 315 3.
947 280 1027 313 Orat
1054 289 1152 321 prece
1179 282 1294 314 sedula

994 329 1098 361 Deum
1126 329 1215 360 clare
1242 331 1346 361 visum

946 377 1050 410 Nobis
1078 377 1157 409 dare
1184 387 1244 418 per
1270 379 1403 411 saecula

995 426 1098 458 Tuum
1126 427 1328 467 paradisum.

1063 524 1277 558 Responsoria.

912 608 920 616 .
947 583 1058 615 Verbo
1085 583 1172 614 vitae

995 632 1070 664 dum
1097 631 1202 671 pascit
1230 631 1398 674 populum,

945 681 1159 713 Peccatorum

995 729 1150 771 frangens
1178 729 1379 770 ergastulum

945 778 1120 811 Beatorum

995 828 1157 869 promittit
1188 828 1341 868 poculum

995 877 1161 917 Simulque
1188 876 1373 911 saeculum:

912 951 919 959 .
947 926 999 959 Ex
1024 926 1206 959 abundanti
1234 925 1340 967 gratia

949 975 1099 1008 Praestat
1127 975 1207 1007 caeli
1235 975 1370 1016 palatia.

911 1080 918 1087 .
947 1053 1103 1086 Visitanti

994 1103 1141 1135 desertas
1169 1102 1284 1134 Indiae

946 1152 1063 1184 Partes
1089 1151 1196 1183 minas

992 1205 1088 1242 pater
1113 1201 1257 1232 invidiae

942 1250 1009 1282 Dat
1036 1249 1217 1287 Matthaeo7

991 1299 1104 1339 plebes
1131 1298 1291 1338 perfidiae

942 1348 996 1380 Ad
1023 1349 1124 1389 adyta.

991 1402 1085 1430 vocat
1112 1397 1313 1437 tragoediae,

906 1473 913 1480 .
941 1446 1007 1479 Per
1032 1455 1127 1488 quem
1154 1451 1262 1477 tamen

989 1505 1122 1528 eversor
1148 1495 1265 1527 latriae

940 1545 1113 1586 Effugatur

990 1605 1008 1626 a
1036 1594 1130 1637 pagis
1158 1594 1320 1626 Mauriae.

908 1701 915 1709 .
943 1674 1056 1718 Opem,
1086 1674 1227 1715 Christe,
1256 1673 1438 1714 promisisti

994 1725 1171 1765 Apostolos
1198 1721 1422 1764 laudantibus,

944 1774 1029 1806 Dum
1056 1783 1116 1814 per
1142 1781 1196 1804 eos
1223 1771 1433 1805 transmisisti

993 1823 1136 1856 Salutem
1165 1821 1408 1863 oberrantibus,

942 1872 1080 1913 Semper
1107 1881 1183 1912 ergo
1210 1881 1268 1903 nos
1296 1870 1349 1901 fae
1375 1870 1447 1903 sisti

990 1922 1067 1954 Tibi
1093 1921 1158 1953 tuis
1184 1919 1381 1953 astantibus,

902 1997 909 2005 .
937 1972 998 2011 Qui
1026 1971 1230 2004 Matthaeum
1259 1969 1439 2002 adiunxisti

990 2022 1149 2054 Felicium
1177 2018 1371 2061 agminibus,

939 2071 1008 2103 Nos
1035 2082 1053 2103 a
1081 2074 1186 2102 morte
1214 2070 1305 2102 salva
1333 2069 1421 2100 tristi

988 2121 1070 2153 Eius
1096 2119 1205 2152 beatis
1232 2117 1397 2160 precibus.

1007 2250 1050 2281 In
1089 2248 1325 2281 Laudibus.

1061 2316 1263 2353 Antiphonae.

901 2422 909 2430 .
938 2396 1035 2430 Sidus
1063 2405 1255 2438 oppressum
1284 2395 1414 2436 nebula,

988 2447 1138 2479 Humano
1164 2446 1271 2478 latens
1298 2444 1411 2485 pallio,

937 2495 1034 2528 Nune
1061 2496 1213 2529 claritate
1240 2493 1355 2526 sedula

985 2545 1146 2586 Splendet
1172 2545 1204 2576 in
1234 2542 1316 2576 caeli
1343 2542 1435 2575 solio.
