1650 2727
678 171 920 208 -47-

222 269 304 302 Ideo
329 270 429 302 vitam
457 269 625 310 propriam

269 317 427 358 Despexit
451 316 506 348 hic
529 317 654 357 beatus,

217 365 312 398 Nunc
337 371 446 398 autem
475 369 525 397 est
551 366 584 399 in
610 367 752 407 patriam

264 414 362 447 Lucis
389 415 478 447 clare
504 414 683 447 translatus

149 462 191 496 V.
220 461 436 504 Possidetque
462 463 619 496 laetitiam

214 511 257 544 Et
284 511 443 545 infinitam
473 512 609 552 gloriam

266 562 303 594 In
331 562 421 594 caelo
449 561 641 595 collocatus.

160 642 193 673 5.
220 640 321 674 Dedit
350 640 491 674 Catervo
518 640 676 674 Dominus

268 689 414 722 Virtutes
441 699 590 730 operare,

216 739 275 778 Qui
303 744 395 771 sanat
423 747 537 779 aegros
565 739 696 780 saepius

266 788 311 820 Et
336 788 470 820 claudos
496 788 665 820 ambulare

216 836 311 869 Facit
336 837 399 869 iste
425 837 650 870 sanctissimus

265 887 306 919 Et
335 891 468 918 cunctos
495 892 588 920 sanat
617 887 726 930 clare,

146 935 186 967 V.
211 935 256 967 Et
282 936 309 967 si
337 941 479 976 rogatur,
509 936 604 968 citius

218 985 359 1017 Paratus
379 989 429 1017 est
455 985 679 1017 sanctissimus

268 1033 376 1065 Petita
401 1033 506 1074 gratis
535 1033 626 1066 dare.

162 1113 194 1144 6.
223 1111 321 1144 Ortus
350 1111 404 1143 hic
429 1119 468 1142 ex
495 1112 650 1152 prosapia

271 1160 383 1192 Nobili
411 1158 652 1201 praefectorum

221 1209 365 1242 Ornatur
393 1214 423 1241 et
450 1209 568 1241 militia

272 1258 396 1290 Civium
417 1258 649 1299 Romanorum,

223 1306 319 1338 Nunc
345 1307 492 1348 sequitur
519 1308 683 1339 consonia

272 1356 415 1388 Militum
443 1365 676 1396 supernorum;

151 1405 191 1437 V.
219 1405 319 1444 Quem
347 1409 562 1445 susceperunt
589 1407 719 1446 agmina

221 1454 258 1485 In
286 1455 433 1494 paradisi
460 1454 566 1494 gloria

269 1503 462 1536 Sanctorum
489 1505 689 1544 angelorum.

283 1611 328 1643 In
363 1611 601 1645 Laudibus.

338 1669 540 1706 Antiphonae.

155 1738 186 1771 1.
215 1737 314 1770 Lucis
341 1740 490 1772 decorem
518 1739 624 1772 induit

264 1788 454 1822 Altissimus
482 1788 666 1830 Catervum‚

215 1837 317 1878 Quem
344 1839 377 1870 in
404 1838 494 1870 caelo
522 1839 701 1880 constituit,

262 1887 308 1921 Ut
334 1888 424 1920 vivat
449 1887 481 1919 in
509 1892 688 1924 aeternum.

867 270 899 303 2.
928 269 1056 302 Rutilat
1081 269 1134 302 hic
1159 269 1193 301 in
1219 269 1325 310 gloria

976 317 1057 357 Deo,
1085 318 1137 350 cui
1163 318 1309 359 servivit,

924 365 969 398 Et
995 370 1083 398 tenet
1109 374 1195 398 nunc
1221 366 1253 398 in
1284 366 1403 406 patria.

974 414 1063 454 Quae
1090 414 1202 447 oculus
1230 423 1293 446 nou
1321 414 1413 447 vidit.

864 494 896 526 3.
924 492 1024 531 Deus.
1054 493 1143 526 Deus
1169 493 1339 532 altissime,

973 541 1036 574 Hic
1062 543 1105 574 ad
1133 545 1165 572 te
1192 542 1339 583 vigilavit

924 591 967 623 Et
997 591 1097 623 verbo
1123 596 1197 623 tuae
1224 591 1349 632 gratiae

974 640 1133 673 Catervus
1161 640 1343 673 meditavit.

888 745 895 752 .
924 719 1128 752 Benedicunt
1155 724 1187 751 te
1211 720 1330 760 angeli,

973 769 1113 811 Christe,
1143 774 1173 800 et
1199 769 1239 800 de
1266 770 1396 803 Catervi

924 818 1025 850 Festo
1051 819 1193 859 gaudent
1221 819 1410 859 archangeli

973 868 1017 899 Et
1044 868 1155 900 cuncti
1183 867 1229 899 tui
1256 869 1352 900 servi.

871 966 903 977 ι.
932 946 1077 979 Laudem
1107 946 1184 978 dicit
1212 946 1371 978 altissimo

976 995 1012 1026 In
1040 994 1186 1036 paradisi
1214 995 1317 1036 gloria

927 1043 969 1075 Et
996 1048 1067 1075 orat
1091 1044 1144 1075 hic
1170 1053 1230 1083 pro
1257 1044 1379 1084 populo

976 1092 1040 1124 Suo
1066 1093 1098 1124 in
1127 1092 1249 1124 Christi
1278 1093 1395 1132 patria.

1022 1179 1068 1206 Ad
1091 1179 1281 1207 Benedictus.

893 1276 899 1283 .
929 1250 1068 1289 Respice
1096 1258 1154 1282 nos
1181 1253 1213 1280 et
1241 1249 1347 1286 visita.

929 1300 1026 1332 Pater
1053 1298 1201 1339 Caterve,
1230 1296 1368 1330 famulos

926 1349 970 1380 Et
998 1347 1060 1379 duc
1087 1349 1127 1379 ad
1158 1347 1279 1379 Christi
1308 1348 1445 1387 patriam

926 1398 1014 1430 Tuos
1044 1396 1157 1428 fideles
1188 1396 1347 1430 subditos.

970 1515 1015 1546 In
1050 1517 1082 1548 2,
1113 1514 1335 1553 vesperis,

1023 1572 1068 1599 Ad
1090 1570 1274 1607 Magnificat.

890 1668 898 1676 .
926 1641 1137 1682 Confugimus
1165 1642 1286 1673 cotidie

923 1692 976 1724 Ad
1004 1696 1046 1731 te,
1076 1691 1214 1724 Caterve
1242 1691 1371 1729 nobilis,

924 1741 1063 1773 Nostras
1090 1749 1205 1782 preces
1227 1749 1311 1772 nunc
1329 1741 1471 1783 suscipe,

923 1789 1090 1822 conserva
1116 1800 1173 1822 nos
1202 1790 1234 1821 in
1262 1791 1429 1830 prosperis

922 1840 972 1872 Ac
999 1840 1085 1872 mala
1113 1843 1229 1871 cuncta
1255 1848 1386 1872 remove

920 1890 949 1921 A
973 1888 1066 1921 nobis
1093 1889 1158 1921 tuis
1184 1886 1326 1922 famuliS.

194 1963 317 1992 Colleet.
340 1974 394 1994 ms.
417 1966 513 1994 Caiet.
537 1966 729 1995 Constantini
751 1976 829 1996 saec.
853 1965 896 1994 17.
920 1967 990 1994 Cod.
1017 1966 1212 1994 Alexandrin-
1234 1964 1272 1993 96
1292 1967 1407 1999 (11).—
1430 1967 1471 1993 Iu

117 2001 141 2030 l.
163 2004 267 2031 Noct.
292 2003 318 2033 A
339 2003 368 2038 3,
389 2003 408 2033 2
430 2006 560 2043 perfuso.
574 2021 613 2024 —
635 2005 664 2035 R
688 2006 712 2040 1,
734 2005 752 2035 3
775 2007 906 2035 territur.
922 2021 959 2026 -—
981 2005 1009 2034 R
1034 2006 1057 2040 1,
1082 2006 1098 2035 7
1122 2006 1264 2034 mundum
1286 2007 1421 2033 erimina.
1439 2021 1470 2024 ——

113 2043 155 2070 Iu
178 2041 205 2071 2.
228 2044 336 2073 Noct.
359 2043 389 2074 R
410 2043 437 2079 3,
459 2043 477 2072 2
499 2046 605 2081 puniat
625 2055 681 2074 nos
703 2048 848 2083 piissime.
863 2062 901 2067 —
917 2047 955 2074 In
978 2046 1005 2075 3.
1021 2048 1123 2074 Noct.
1139 2045 1165 2074 A
1180 2043 1207 2077 ¹2,
1230 2044 1471 2073 3D0n1inun—

111 2080 141 2111 R
155 2081 182 2117 6,
201 2082 214 2111 l
232 2083 281 2112 hie
297 2088 382 2113 extra
397 2087 548 2122 prosapia.

558 2190 600 2222 18.
642 2190 686 2222 De
707 2190 819 2223 sancto
842 2189 1057 2231 Chrysogono.

254 2283 299 2314 ln
336 2283 367 2316 1.
398 2283 624 2323 Vesperis.

307 2335 353 2363 Ad
373 2334 560 2373 Magnificat.

140 2380 183 2415 A.
212 2379 395 2422 Splendide
422 2381 644 2425 chrysogone,

258 2430 384 2465 Christi
410 2435 538 2471 martyr
562 2431 719 2474 pretiose,

207 2478 330 2514 Servos
356 2490 428 2514 esse
454 2483 528 2513 tuos

256 2529 418 2564 adversus
444 2528 540 2562 effice
566 2533 666 2574 tutos,

920 2282 999 2316 Cum
1031 2284 1084 2324 pie
1111 2282 1266 2315 credente

969 2333 1092 2373 populo
1118 2338 1175 2363 tua
1202 2330 1287 2363 festa
1313 2332 1441 2363 colente

920 2381 1056 2414 Nosmet
1083 2381 1216 2413 caelesti

970 2432 1202 2464 commendans
1238 2429 1352 2462 sedulo
1388 2430 1466 2471 regi,

921 2479 1012 2513 Caeli
1038 2490 1101 2522 quo
1128 2488 1228 2520 regno

969 2529 1085 2571 dignos
1112 2528 1212 2562 faciat
1239 2528 1435 2563 miserendo.
