1650 2727
173 590 203 622 7.

174 951 204 984 1.

196 264 204 271 .
233 237 308 269 Vim
336 237 516 271 conditoris
543 240 669 280 recitat,

197 439 204 446 .
233 413 381 446 Stridens
410 413 583 446 Dioscorus
610 414 691 447 furit

675 160 723 166 ·—-
775 141 845 176 124
896 162 938 166 -

877 241 910 274 8.
938 240 1133 272 Constanter
1156 238 1254 272 fidem
1280 237 1458 279 adprobas,

936 289 1024 321 Deos
1051 288 1188 330 gentiles
1213 286 1373 328 reprobas

985 338 1159 370 Honorans
1186 345 1302 368 nomen
1328 333 1462 368 Christi.

232 287 286 318 Ad
311 286 410 319 fidem
438 287 485 319 sie
510 291 544 320 te
569 288 695 331 incitat,

285 335 382 368 Cuius
409 344 443 367 es
470 335 558 369 facta
583 337 687 373 testis.

877 416 908 448 9.
938 413 1095 447 Caelestis
1122 423 1194 454 vox,
1223 423 1241 445 o
1268 412 1428 454 Barbara,

936 463 983 495 Te
1010 466 1105 495 vocat
1132 463 1261 495 dicens:
1290 469 1441 503 propera,

986 511 1122 551 Suscipe
1148 511 1314 544 solacium.

234 463 331 495 Pater
357 467 454 503 atque
481 463 544 495 diis
570 464 715 504 spondet

281 511 410 554 Libare,
437 516 471 544 ut
496 513 657 552 promisit.

855 590 910 623 10.
939 589 1094 622 Gaudens
1121 589 1154 621 in
1181 589 1281 620 caelis
1307 589 1406 620 hodie

938 638 1007 670 Nos
1032 639 1129 678 iunge
1154 638 1222 678 regi
1250 638 1373 678 gloriae

989 688 1066 720 Post
1093 687 1200 718 carnis
1227 687 1387 719 exsilium.

231 590 289 622 Tu.
317 590 397 622 abra
426 590 487 622 Dei
513 594 637 629 tenera,

234 638 309 670 Non
336 639 441 671 crucis
466 639 580 670 horres
608 647 738 679 genera,

284 687 466 719 Blanditias
493 688 657 728 sprevisti.

214 765 392 801 Rozenplut,
412 763 597 800 Kancyonitl,
615 763 699 798 1601,
720 773 746 800 p.
766 762 832 792 509.
848 779 885 783 -
907 762 932 796 2,
958 763 970 791 1
994 765 1120 792 Trabeo.
1139 780 1171 784 —
1194 762 1221 794 8,
1243 762 1261 791 3
1283 773 1391 791 nomen
1407 764 1486 792 Iesu.

533 879 595 909 154.
638 879 680 909 De
703 878 814 909 sancto
837 877 1093 909 Bar-tholomaeo.

232 950 257 982 O
285 953 396 982 sancte
424 950 684 990 Bartholomaee,

233 999 258 1031 Ο
287 1004 410 1038 martyr
436 1002 467 1029 et
494 999 656 1041 apostole,

877 952 907 983 6.
937 949 988 981 Ex
1013 958 1075 990 quo
1103 953 1133 980 et
1160 949 1193 980 in
1221 959 1283 989 quo
1309 950 1429 988 omnia,

938 999 1002 1031 Per
1036 1006 1130 1039 quem
1158 998 1270 1029 vivunt
1297 1003 1326 1029 et
1355 997 1484 1039 singula

282 1048 308 1079 Ο
335 1047 437 1079 amice
464 1047 537 1087 Dei,

173 1126 206 1157 2.
234 1125 280 1157 Te
306 1126 476 1165 Astrages,
505 1134 561 1157 rex
589 1125 743 1164 crudem,
880 1125 912 1158 7.

233 1175 331 1206 Iussit
357 1174 486 1216 percuti
513 1174 638 1206 baculis

285 1224 347 1255 Pro
374 1223 501 1254 nomine
529 1223 663 1262 Christi,

175 1301 206 1333 3.
238 1302 370 1337 Parans,
399 1305 433 1332 ut
461 1301 529 1332 eius
556 1301 654 1333 idolis
881 1301 914 1333 8.

236 1350 352 1382 Secum
379 1350 495 1381 credas
517 1359 555 1382 ae
579 1350 694 1382 incolis

284 1399 389 1430 Huius
416 1399 616 1438 provinciae.

175 1478 208 1509 4.
239 1476 302 1508 Sed
330 1482 362 1508 te
388 1476 469 1507 fides
496 1478 740 1518 promptissima
882 1479 914 1512 9.

237 1525 373 1566 Semper
399 1525 499 1556 traxit
526 1526 566 1557 ad
594 1526 727 1559 aethera

284 1575 388 1607 Orans
415 1583 475 1613 pro
503 1573 643 1608 famulis.

174 1655 205 1685 5.
236 1652 355 1684 Dicens
383 1652 424 1683 ad
452 1661 523 1684 eos:
552 1654 686 1694 Audite,

234 1701 338 1732 Deum
366 1710 475 1732 verum
503 1701 639 1734 adorate

284 1750 432 1782 Sinentes
460 1750 559 1785 idola,

856 1655 910 1687 10.

986 1047 1080 1080 Nunc
1107 1051 1138 1078 et
1164 1046 1196 1078 in
1224 1051 1430 1087 perpetuum.

940 1125 1086 1157 Tandem
1114 1125 1274 1157 excoriari

940 1175 1039 1206 Iussit
1066 1178 1097 1205 et
1126 1174 1283 1206 decollari

988 1223 1129 1264 Propter
1156 1223 1382 1256 constantiam.

943 1301 1085 1333 Vincens
1112 1301 1164 1332 hic
1191 1301 1294 1333 minas
1313 1305 1484 1343 tortorum,

942 1349 1044 1382 Simul
1071 1359 1192 1389 poenas
1218 1354 1464 1393 tormentorum,

991 1398 1143 1440 Migrasti
1171 1408 1190 1430 a
1216 1400 1357 1433 saeculo.

944 1477 992 1510 Sit
1020 1477 1195 1510 benedicta
1221 1478 1363 1520 trinitas,

942 1527 990 1559 Sit
1016 1527 1203 1559 veneranda
1229 1528 1335 1560 unitas

990 1577 1059 1608 Tua
1086 1585 1146 1616 pro
1173 1577 1321 1609 victoria.

941 1655 1026 1687 Laus
1053 1655 1140 1695 patri
1167 1664 1238 1686 cum
1264 1654 1343 1689 fili0.

941 1703 1061 1736 Sancto
1089 1704 1183 1736 simul
1210 1705 1372 1745 paraclito

990 1753 1084 1785 Nunc
1111 1757 1141 1784 et
1168 1753 1202 1785 in
1229 1762 1356 1786 aevum.

215 1828 300 1854 Cant.
332 1836 385 1853 ms.
414 1826 565 1862 Pragense
594 1827 776 1857 ‹Wenceslai
809 1827 845 1856 de
873 1829 1057 1865 lVyskytna)
1087 1831 1158 1856 anni
1194 1829 1277 1858 1512.
1309 1831 1380 1859 t'od.
1410 1831 1486 1859 Mus.

135 1865 257 1893 Bohem.
279 1866 354 1893 xm
376 1866 400 1892 A
423 1864 450 1892 2.
472 1867 506 1892 A.
528 1881 566 1884 —
589 1868 770 1904 Rozenplut,
798 1868 985 1904 Kaneyonz'il,
1010 1868 1092 1901 1601,
1116 1878 1143 1904 p.
1166 1868 1230 1897 500.
1256 1871 1289 1897 Β.
1312 1886 1346 1889 -
1374 1870 1398 1903 1,
1421 1868 1440 1897 2
1459 1874 1490 1899 et

134 1904 209 1932 fehlt
230 1906 263 1932 Β.
286 1919 322 1923 -
348 1904 371 1935 1,
394 1902 411 1931 3
432 1904 473 1931 Et
494 1906 589 1933 amice
612 1907 644 1933 Β.
669 1923 704 1926 ἡ
727 1904 753 1938 2,
779 1905 792 1933 l
815 1908 857 1934 Te
879 1906 954 1935 fehlt
977 1909 1009 1935 B.
1031 1924 1068 1927 —
1093 1909 1149 1936 Str.
1172 1907 1190 1935 3
1212 1909 1286 1937 fehlt
1305 1912 1338 1938 A.
1363 1926 1398 1929 —
1420 1908 1446 1943 5,
1469 1908 1489 1938 3

136 1944 316 1979 Spernentes
339 1946 370 1971 B.
400 1958 436 1961 —
459 1944 516 1971 Str.
547 1943 643 1972 7—10
669 1945 768 1973 t'ehlen
792 1946 825 1973 B.
856 1963 893 1967 -
918 1946 952 1979 7,
984 1947 995 1975 1
1020 1949 1182 1975 exst—otiari
1206 1949 1240 1976 A.
1262 1964 1300 1968 —
1323 1950 1488 1978 Rundreim

135 1983 160 2010 Ο
188 1984 307 2010 amice
337 1984 420 2015 Dei;
443 1982 610 2010 ausserdem
632 1985 685 2011 hat
706 1985 778 2012 aber
802 1986 828 2012 A
850 1989 923 2013 statt
939 1987 997 2014 Str.
1019 1986 1037 2014 3
1059 1987 1106 2014 die
1128 1987 1288 2024 folgenden
1305 1990 1417 2025 Zeileu,
1440 1988 1489 2017 die

134 2022 304 2059 gleichfalls
327 2024 374 2050 ein
398 2022 558 2050 Rundreim
582 2033 618 2050 zu
641 2026 704 2052 sein
727 2023 885 2052 scheinen:

641 2073 774 2100 Petimus
797 2076 833 2104 te.
856 2083 939 2106 care,

642 2112 683 2139 Ut
703 2112 779 2139 velis
801 2114 961 2149 impetrare

640 2151 835 2179 Peccatorum
856 2154 986 2180 veniam.

532 2265 593 2296 155.
636 2265 679 2296 De
701 2266 811 2296 sancto
834 2265 1090 2299 Bai-tholomaeo.

173 2339 202 2372 1.
232 2338 482 2370 Bartholomaeo
508 2335 604 2368 beato

281 2387 498 2420 Decantemus
525 2385 655 2427 singuli,

232 2437 395 2478 Martyrio
424 2435 591 2475 decorato,

281 2486 381 2519 Senes
407 2493 446 2516 ac
471 2483 645 2519 iuvenculi.

856 2336 912 2370 R⁰
939 2338 999 2377 Qui
1027 2338 1138 2371 divina
1164 2340 1286 2380 pietate

937 2387 987 2419 De
1013 2387 1172 2420 bonorum
1198 2389 1371 2424 honestate

937 2437 1000 2469 Est
1027 2437 1148 2469 ditatus
1175 2437 1209 2469 in
1235 2443 1343 2472 aetate

937 2485 1072 2527 Absque
1097 2486 1313 2528 malignitate.
