1650 2727
677 174 944 211 —117—

167 274 202 307 4.
228 273 255 307 Ο
281 273 385 305 virum
412 272 622 311 ineffabilem.

225 320 491 354 Benedicendum
518 321 654 362 iugiter!

226 371 378 411 Regnans
405 370 437 402 in
466 370 547 403 caeli
573 371 656 403 solio

224 417 292 452 Nos
319 418 457 451 benedic
484 428 543 460 per
568 419 709 454 saecula.

165 498 198 531 5.
228 498 434 531 Laudantem
462 497 568 530 sancti
595 496 715 529 merita

225 547 419 580 Sanctorum
445 545 542 586 iunge
568 544 728 585 coetibus,

224 593 374 628 Ploranti
401 604 460 628 sna
488 595 614 627 scelera

223 644 327 676 Parce
351 643 470 676 lacinti
497 643 662 683 precibus.

319 740 365 768 Ad
389 738 577 768 Benedictus.

222 811 248 844 Ο
275 814 414 850 quantus
440 810 546 843 luctus
574 810 705 852 populo,

223 860 350 900 Quanta
377 860 519 892 lamenta
546 858 718 903 fratribus,

221 908 306 941 Dum
335 908 385 940 vir
410 908 556 942 lacintus
582 909 712 941 saeculo

223 957 385 990 Discessit
410 959 548 989 tendens
575 958 686 990 oculos

225 1005 279 1040 Ad
307 1007 425 1046 lesum,
453 1015 544 1039 suum
573 1006 748 1046 dominum,

225 1056 330 1088 Orans
358 1055 538 1087 coniunctis
566 1055 733 1088 manibus:

929 274 968 306 In
995 283 1109 305 manus
1136 277 1219 307 tuas.
1247 274 1398 310 Domine,

929 322 1040 354 Meum
1068 323 1260 354 commendo
1285 323 1450 362 spiritum.

972 459 1018 491 In
1047 460 1079 491 2.
1110 459 1333 500 vesperis

1029 534 1074 562 Ad
1096 534 1280 570 Magnificat.

854 612 897 649 A.
926 617 1009 653 Ave,
1038 623 1163 655 gemma
1191 614 1344 654 pretiosa,

977 662 1109 695 Cunctis
1136 663 1271 704 gemmis
1299 662 1429 701 clarior,

926 713 1010 751 Ave,
1038 712 1153 744 florum
1181 711 1252 752 flos,
1281 712 1417 751 ianime,

977 761 1071 793 Omni
1097 761 1178 793 flore
1205 761 1327 801 purior,

927 812 998 843 Ave
1024 811 1088 850 pie,
1116 819 1176 842 ave
1206 811 1297 847 bone,

979 860 1094 893 Pastor
1120 864 1231 892 noster
1257 858 1380 901 inclite,

926 909 975 941 Tu
1007 909 1061 949 qui
1088 913 1192 948 potes,
1219 908 1282 940 scis
1310 912 1341 939 et
1371 907 1472 948 vales,

978 958 1097 990 Preces
1123 962 1253 990 nostras
1281 957 1422 999 suscipe,

930 1006 973 1039 Ut
1001 1007 1126 1046 potenti
1154 1010 1209 1038 tua
1236 1015 1333 1046 prece

978 1054 1045 1088 Nos
1073 1055 1184 1087 trabas
1211 1056 1253 1087 ad
1281 1064 1427 1094 superos.

203 1133 290 1160 Miss.
318 1133 518 1161 Cracoviense
547 1134 616 1168 imp.
645 1130 730 1160 1545.
759 1148 796 1152 —
816 1132 879 1159 Vor
906 1131 972 1159 dem
996 1134 1159 1160 commune
1185 1132 1362 1160 Sanctorum
1395 1131 1475 1159 steht

121 1172 176 1200 das
198 1171 400 1208 vollstandige
416 1171 552 1199 Officium
575 1171 626 1199 des
642 1170 755 1200 Chores
777 1171 836 1199 und
859 1171 910 1199 des
926 1172 1053 1199 Altares.
1071 1186 1106 1189 —
1129 1173 1169 1199 In
1192 1170 1217 1198 2.
1236 1173 1339 1199 Noct.
1357 1169 1385 1199 R
1406 1168 1436 1203 3,
1460 1171 1472 1199 1

122 1211 197 1239 fehlt
222 1211 276 1238 der
296 1211 391 1238 Reim.
422 1226 459 1230 —
486 1212 528 1238 In
557 1211 668 1238 Laud.
691 1209 718 1238 A
747 1208 779 1241 3,
808 1209 826 1238 4
847 1211 957 1238 Rediit.
983 1225 1016 1230 -
1039 1208 1227 1245 Zugehssrige
1251 1212 1408 1246 Hymnen:
1439 1212 1475 1238 In

125 1250 150 1278 1.
172 1250 275 1286 Vesp.:
309 1250 504 1278 Laudibus
527 1251 658 1284 celsis3
681 1250 726 1277 Ad
748 1250 869 1278 Matut.:
892 1249 1043 1281 Gaude,
1068 1255 1189 1277 mater
1211 1251 1405 1282 eccl‹:sia;
1431 1250 1476 1277 Ad

121 1289 235 1317 Laud.:
259 1288 417 1317 Aeterni
440 1290 541 1326 regis
565 1291 759 1317 maximus.

505 1423 554 1454 46.
599 1424 640 1455 De
661 1432 684 1455 s.
707 1423 847 1455 Iohanne
868 1423 1093 1463 Evangelista.

255 1516 301 1549 In
339 1517 372 1550 1.
411 1516 632 1557 vesperis.

318 1583 364 1611 Ad
384 1583 568 1620 Mag-nificat.

152 1654 195 1687 A.
223 1653 249 1686 O
275 1657 371 1693 pater
397 1653 605 1694 venerabilis,

224 1701 304 1736 Orbi
332 1707 447 1735 cuncto
473 1702 642 1745 mirabilis,

272 1751 345 1784 Lux
371 1751 656 1792 evangelistarum,

268 1800 294 1834 O
321 1801 376 1833 lux
403 1801 636 1842 apostolorum,

218 1849 400 1891 Exemplar
425 1849 654 1894 abstinentiae,

219 1899 351 1940 Insigne
376 1899 567 1941 pudicitiae,

268 1949 380 1992 Imago
408 1949 567 1992 veritatis,

217 1997 266 2030 Te
292 1998 406 2032 laudat
433 1999 517 2032 caeli
543 1998 635 2031 curia

223 2047 347 2082 Christi
374 2046 464 2080 felici
491 2049 595 2090 gloria

269 2097 483 2139 Assumptum
511 2107 581 2130 cum
608 2097 715 2131 beatis

224 2146 406 2189 chorisque
432 2148 632 2188 apostoliciS,

221 2195 439 2239 Propheticis‚
465 2197 622 2240 angelicis

267 2245 336 2278 Fac
362 2244 428 2279 frui
454 2246 598 2281 deitatis.

256 2345 301 2378 In
331 2346 361 2381 1.
389 2345 628 2380 Nocturno.

335 2415 540 2452 Antiphonae.

159 2485 193 2520 1.
220 2485 389 2519 Iohannes·
408 2485 501 2519 velut
525 2485 637 2527 aquila

264 2534 517 2569 Transcendens
529 2537 670 2568 mentem
681 2534 824 2568 omnium

926 1516 1168 1557 Beatorumque
1194 1516 1324 1558 agmina

975 1565 1127 1606 Adeptus
1155 1570 1203 1597 est
1228 1567 1259 1598 in
1281 1566 1472 1605 praemium.

867 1661 898 1693 2.
927 1659 991 1691 Hic
1017 1669 1036 1691 a
1063 1660 1133 1692 Deo
1160 1659 1383 1699 praedilectus

976 1708 1136 1741 Adhaesit
1166 1709 1298 1741 Christo
1325 1708 1475 1743 firmiter.

927 1758 1017 1790 Cena
1035 1759 1199 1799 stringens
1214 1767 1342 1790 sacrum
1360 1763 1477 1798 pectus

977 1807 1183 1841 obdormivit
1210 1808 1366 1839 suaviter.

865 1903 897 1936 3.
925 1902 1003 1934 Alta
1032 1910 1110 1933 voce
1138 1906 1251 1934 coetus
1279 1902 1416 1934 clamat:

976 1951 1002 1984 Ο
1029 1951 1083 1992 pie
1112 1951 1285 1991 discipule,

926 2000 1103 2038 Drusiana,
1131 2010 1227 2042 quam
1254 2000 1399 2043 amabas,

976 2050 1098 2082 Fertur
1123 2051 1154 2082 in
1182 2050 1243 2082 hoc
1271 2049 1396 2083 funere.

867 2147 901 2179 4.
929 2144 1070 2177 Mortem
1100 2144 1177 2176 vicit
1206 2145 1257 2176 hic.
1285 2146 1445 2184 mortam,

980 2194 1064 2227 Dum
1092 2198 1237 2226 mortuos
1266 2196 1450 2236 resuscitat,

929 2243 1076 2276 Fervens
1102 2243 1209 2275 oleum
1236 2244 1352 2284 legalis

980 2292 1141 2325 Iohannes
1169 2292 1201 2325 in
1229 2301 1265 2325 se
1291 2296 1437 2333 superat.

869 2388 901 2421 5.
932 2385 1083 2419 Pendens
1112 2386 1261 2419 Christus
1289 2386 1437 2427 patibulo

979 2436 1122 2469 Matrem
1151 2435 1289 2468 Iohanni
1315 2436 1481 2468 condonat

927 2484 972 2519 Et
999 2484 1039 2518 de
1066 2494 1148 2526 puro
1176 2484 1338 2525 discipulo

976 2534 1121 2576 Virginis
1148 2537 1260 2567 natum
1287 2533 1465 2575 adprobat.
