1650 2727
684 158 924 194 —45-

167 259 200 291 4.
227 255 295 290 Ora
320 265 381 297 pro
405 256 499 289 nobis
526 257 712 299 Dominum,

227 304 327 337 Miles
353 305 493 338 Caterve
518 306 642 348 inclite,

225 353 270 386 Et
295 353 387 386 salva
414 358 503 386 tuum
530 355 686 395 populum

227 401 278 434 De
304 401 448 435 tenebris
477 404 636 438 miseriae.

190 528 198 536 ,
226 499 263 532 In
291 498 443 532 conflictu
470 500 673 539 bellantium,

228 549 327 581 Pater
353 549 502 592 Caterve‚
534 550 675 582 miseriis
699 547 770 594 [sic]

225 597 354 636 Mundi,
387 599 495 631 carnis
521 603 553 630 et
581 599 773 632 daemonum

226 646 330 679 Nobis
356 656 511 680 succurre
537 649 677 682 miseris,

327 783 372 810 Ad
395 784 577 820 Magnificat.

197 899 204 906 .
233 872 259 905 O
287 872 406 905 nobilis
434 878 600 914 protector

278 921 387 954 Plebis
415 923 592 961 'solentini‚

229 970 378 1013 Caterve‚
406 972 499 1003 miles
526 972 648 1012 inclite,

276 1019 338 1052 Per
365 1030 458 1060 quem
486 1030 615 1062 semper
643 1021 743 1054 divini

225 1069 351 1101 Auxilii
383 1069 531 1102 iuvamen

276 1117 439 1150 Seutimus
466 1119 496 1150 in
526 1119 685 1157 adversis,

229 1166 396 1200 Conserva
421 1177 479 1200 nos
505 1168 536 1200 in
565 1177 656 1209 pace,

277 1215 491 1249 Consolamen
521 1217 561 1250 da
589 1217 720 1250 maestis

227 1264 271 1297 Et
298 1265 352 1305 pie
380 1265 442 1297 duc
467 1267 510 1298 ad
538 1268 678 1307 patriam

278 1313 401 1347 Christi
427 1316 516 1356 regni
545 1315 705 1349 caelestis.

264 1471 327 1504 Ad
363 1471 635 1506 Matutinum.

340 1549 561 1577 Invitatorium.

223 1642 394 1675 Laudetur
427 1644 576 1677 Christus
611 1644 770 1677 Dominus

276 1693 312 1724 In
339 1692 401 1724 hac
429 1693 481 1725 die
508 1694 659 1729 iucunda,

224 1741 293 1781 Qua
322 1738 410 1786 [vota
437 1741 512 1785 tibi]
541 1744 709 1776 reddimus

272 1791 405 1824 Catervi
431 1792 536 1824 sancti
562 1795 695 1826 munda.

261 1949 305 1981 In
339 1950 370 1984 1.
399 1949 633 1984 Nocturno.

343 2028 546 2065 Antiphonae.

184 2149 192 2158 .
220 2122 284 2155 Hic
311 2124 362 2156 vir
388 2124 419 2156 in
447 2125 518 2166 lege
547 2124 676 2158 Domini

271 2172 413 2206 Mirifice
440 2174 608 2215 plantatus

219 2221 323 2255 Dedit
348 2221 490 2256 fructum
519 2224 743 2256 dulcissimum

269 2272 306 2305 In
334 2273 387 2305 via
414 2275 482 2305 veri
509 2278 624 2307 status.

159 2372 192 2406 2.
220 2371 436 2413 Praeceptum
472 2371 534 2404 Dei
571 2370 768 2413 praedicans

267 2420 426 2454 Catervus
452 2431 525 2454 cum
553 2419 684 2454 fervore

215 2470 279 2504 Est
303 2471 337 2504 in
364 2475 474 2504 monte
501 2471 634 2504 Domini

264 2520 454 2554 Collocatus
481 2529 553 2553 cum
580 2527 708 2553 sonore.

873 258 906 290 3.

870 1170 889 1201 [Ο

933 257 1099 296 Quaerens
1134 264 1246 295 pacem
1275 256 1483 296 persequitur

984 305 1065 338 Eam
1092 302 1228 345 profuso
1255 305 1354 336 corde

934 354 976 386 Et
1003 354 1036 386 in
1064 354 1183 386 virtute
1212 353 1350 385 moritur

985 402 1040 435 Sic
1066 402 1188 442 absque
1215 401 1282 433 ullo
1311 402 1419 434 sorde.

1052 528 1264 564 Responsoria.

897 643 906 652 .
934 620 1093 652 Catervus
1120 619 1181 650 iste
1208 617 1374 658 proelians

932 667 1102 700 Adversus
1130 666 1241 699 muudi
1269 667 1347 698 vitia

934 717 1007 749 Non
1035 722 1187 755 terretur,
1217 716 1272 747 sed
1302 716 1457 756 glorians,

935 765 1013 798 Cum
1042 766 1153 804 bellat,
1184 765 1223 797 de
1252 765 1399 806 victoria,

933 816 1033 856 Quam
1062 815 1185 855 habuit,
1215 819 1246 845 et
1274 813 1413 846 jubilans

934 864 1036 896 Tenet
1063 873 1204 904 superna
1231 864 1387 903 praemia.

926 913 1097 949 Mundum,
1120 922 1248 945 carnem
1264 913 1479 953 suppeditans

933 962 975 994 Et
1004 962 1189 994 zabulorum
1218 962 1354 1002 proelia,

935 1011 1096 1043 Vexillum
1126 1011 1246 1043 Christi
1275 1010 1424 1042 baiulans

934 1060 1040 1092 Vincit
1070 1060 1233 1092 mundana
1258 1060 1406 1092 crimina.

897 1194 903 1202 .
932 1169 995 1201 Per
1023 1168 1107 1200 bona
1134 1168 1327 1207 temporalia

981 1217 1146 1249 Transivit
1175 1217 1221 1247 sic
1248 1217 1373 1254 beatus,

932 1267 1023 1306 Quod
1053 1276 1115 1298 non
1142 1266 1248 1297 amisit
1280 1266 1424 1306 praemia

982 1318 1138 1357 zie-terna,
1168 1314 1219 1346 hic
1248 1314 1402 1347 fundatus

931 1364 1026 1396 Enim
1055 1369 1123 1396 emt
1152 1369 1180 1394 et
1210 1364 1314 1404 gratia

979 1414 1139 1446 Altissimi
1168 1413 1302 1455 locatus,

892 1487 898 1494 .
927 1462 969 1494 Et
997 1462 1071 1494 ideo
1096 1463 1128 1494 in
1156 1462 1259 1502 gloria

931 1513 1010 1544 Cum
1039 1513 1194 1543 immensa
1222 1508 1369 1555 [laetitia‘

981 1561 1038 1593 Est
1067 1562 1164 1601 digne
1192 1566 1376 1593 coronatus.

896 1694 902 1701 .
934 1669 1088 1701 Labeutis
1118 1669 1202 1701 vitae
1229 1670 1346 1710 gaudia

982 1719 1139 1759 Des-pexit
1167 1719 1260 1751 miles
1289 1719 1411 1752 [shristi

931 1768 1004 1806 Hic,
1033 1768 1203 1809 Catervus‚
1233 1775 1265 1800 ut
1294 1769 1439 1809 praemia

982 1819 1095 1851 Posset
1122 1817 1244 1850 habere
1271 1819 1346 1850 iusti

929 1866 1029 1907 Regis
1057 1872 1087 1898 et
1115 1867 1304 1899 transitoria

979 1917 1123 1957 Reliquit
1151 1917 1271 1948 mundo
1299 1918 1398 1956 tristi,

924 1965 968 1998 Et
995 1967 1069 1998 ideo
1095 1966 1128 1998 in
1155 1965 1269 2006 gloria.

928 2015 1077 2049 Domine,
1106 2025 1221 2055 magna
1251 2025 1383 2047 munera

978 2065 1094 2097 Eidem
1123 2065 1299 2097 contulisti.

969 2213 1012 2245 In
1041 2215 1072 2247 2.
1104 2214 1338 2246 Nocturno.

1055 2290 1254 2328 Antiphonae.

890 2396 899 2406 .
927 2372 1136 2405 Invocantem
1165 2372 1250 2404 hunc
1278 2371 1436 2404 Dominus

974 2422 1089 2454 Virum
1115 2425 1262 2455 sanctum
1290 2420 1429 2460 audivit,

924 2471 1026 2512 Quem
1052 2472 1084 2504 in
1113 2479 1192 2512 pace
1220 2471 1391 2502 constituit

975 2521 1018 2554 Et
1044 2521 1141 2562 plene
1167 2520 1346 2552 exaudivit.
