1650 2727
707 159 972 196 —102—

568 260 622 293 118.
663 262 700 294 In
721 262 969 296 Resurrectione
990 265 1124 298 Domini.

190 339 221 373 1.
248 335 376 380 Mortis,
404 349 455 380 en,
483 349 555 373 cum
580 342 685 382 gloria
892 348 924 379 5.
953 343 986 379 lt
1010 346 1114 386 patris
1140 347 1183 379 ad
1209 346 1338 390 solium,

298 389 413 422 Victor
438 390 553 422 mortis
579 391 713 432 revixit,
1001 394 1126 435 Regnet
1151 399 1186 427 ut
1212 395 1282 427 sine
1307 394 1383 434 fine,

248 437 362 470 Hostis
388 448 485 479 posse
511 439 648 471 victoria
953 443 1153 482 Angelorum
1181 447 1214 475 et
1239 443 1406 476 hominum

298 486 487 520 Desolando
513 488 630 522 vinxit.
1003 491 1148 532 Stipatus
1175 492 1313 534 agmine.

190 576 223 610 2.
249 573 383 609 Alacris
408 575 464 606 lux
489 575 594 607 oritur
892 578 924 612 6.
952 573 1078 611 Neuma
1104 579 1186 611 caeli
1211 578 1394 617 concinunt,

295 624 395 657 Festa
421 624 586 664 triumpho
612 625 681 661 tali,
1002 627 1117 658 Patres
1143 626 1374 669 laetificantur,

248 673 317 713 Quo
345 674 426 705 mire
455 673 553 705 decus
580 675 740 714 promitur
952 675 1071 716 Colles,
1099 679 1224 708 montes
1251 676 1416 715 exsiliunt,

295 722 399 754 Lucta
425 722 627 763 palaestrali.
1003 725 1077 758 Una
1102 725 1318 765 gratulantur.

183 812 214 844 3.
244 808 381 845 Retexit
407 812 578 852 caliginem
888 814 917 847 7.
946 810 1048 847 Veris
1075 812 1126 845 fer
1151 813 1321 855 praesidia

294 860 409 892 Noctis
436 861 578 892 lustrans
605 862 718 901 livore,
997 862 1159 902 Desuper,
1187 863 1273 901 Iesu,
1305 862 1444 904 cunctis,

246 909 364 942 Mortis
392 910 466 941 dum
495 910 594 942 vertit
619 911 766 943 ordinem
948 911 1054 943 Nobis
1081 915 1113 942 et
1139 912 1171 943 in
1198 911 1355 944 Bohemia

290 958 431 999 Surgens
458 959 540 991 miro
566 969 666 992 more.
996 960 1083 1001 Lege
1108 965 1165 992 tua
1190 959 1322 1002 functis,

180 1048 214 1079 4.
243 1044 397 1079 Tetendit
426 1047 468 1079 ad
494 1046 617 1079 inferos
882 1049 915 1082 8.
947 1045 1123 1088 surgentes
1150 1054 1183 1080 ut
1211 1048 1318 1080 colere

288 1096 402 1128 Patres
429 1097 669 1139 emanicipavit‚
995 1097 1123 1129 Pascha
1149 1097 1310 1138 possimus
1338 1097 1445 1139 digne,

238 1144 423 1176 Mannbriis
451 1145 628 1178 horticulos
947 1146 1063 1187 Corde,
1092 1155 1148 1178 ore
1175 1150 1207 1178 et
1233 1155 1333 1187 opere

289 1194 400 1234 Captis
427 1195 592 1234 spoliavit.
991 1196 1112 1227 Animo
1138 1195 1286 1236 benigne.

529 1282 582 1314 R⁰
611 1284 773 1316 Canentes
799 1283 943 1314 Alleluia

663 1331 792 1363 Laudes
821 1332 863 1363 da
890 1341 1087 1370 resonemus,

614 1380 682 1412 Nos
709 1384 741 1412 te
769 1381 851 1412 duce
877 1389 955 1421 gens
981 1380 1086 1412 libera

661 1429 781 1461 Tecum
810 1438 1053 1470 conregnemus.

244 1514 329 1542 Cant.
356 1525 409 1542 ms.
433 1516 584 1551 Pragense
604 1517 788 1547 (Wences-lai
817 1517 852 1544 de
873 1516 1054 1552 Wyskytua)
1083 1518 1154 1543 anni
1187 1514 1271 1544 1512.
1292 1517 1370 1544 Mus.
1395 1515 1518 1543 Bohem.

163 1554 241 1581 ΧΙΠ
263 1555 288 1581 Α
310 1553 336 1582 2.
359 1570 390 1572 -
417 1555 636 1583 Akrostichon:
659 1557 863 1583 Martinus.

560 1686 615 1717 119.
659 1686 692 1717 In
717 1686 965 1718 Resurrectione
987 1686 1119 1718 Domini.

181 1773 213 1806 1.
241 1773 362 1811 Fonis,
391 1781 476 1809 ecce,
503 1773 554 1804 leo
580 1774 646 1811 ille,
889 1777 920 1806 5.
950 1774 1014 1806 Hic
1041 1778 1089 1806 est
1117 1773 1252 1806 Samson
1282 1782 1357 1806 vere
1384 1771 1489 1815 fortis,

241 1821 391 1854 Christus
418 1823 561 1854 surrexit
588 1823 684 1855 hodie
947 1823 1008 1862 Qui
1034 1823 1171 1855 abstulit
1196 1826 1310 1863 portas
1335 1821 1461 1861 mortis,

290 1871 440 1902 Carmine
466 1871 624 1904 laetitiae.
997 1872 1097 1905 Sonet
1123 1881 1185 1904 vox
1212 1872 1348 1906 laetitia.

186 1959 218 1990 2.
244 1959 345 1998 Quem
373 1959 523 1999 designat
547 1959 581 1991 in
606 1958 720 2000 figuris
889 1961 920 1994 6.
949 1959 1048 1992 Velut
1075 1959 1212 1999 Samgar
1237 1958 1291 1990 hic
1317 1958 1471 1991 robustus

244 2007 360 2040 Clarus
387 2007 506 2051 David,
534 2018 632 2040 manu
658 2007 764 2048 fortis,
948 2008 1053 2040 Necat
1082 2016 1210 2039 vomere
1236 2013 1410 2040 sexcentos

292 2056 443 2088 Carmine
469 2057 625 2089 laetitiae.
996 2056 1117 2088 Divina
1144 2056 1302 2097 potentia.

184 2145 222 2177 3.
250 2144 318 2176 Iam
347 2148 490 2176 armatus
517 2145 549 2176 in
577 2145 661 2176 atrio
892 2146 921 2178 7.
949 2145 986 2176 In
1013 2144 1074 2176 hoc
1100 2143 1247 2184 paschali
1274 2145 1394 2185 gaudio

247 2192 414 2233 Spoliatur
437 2202 506 2224 cum
535 2194 654 2234 gaudio
951 2193 1092 2235 Christo,
1121 2193 1239 2225 victori
1265 2197 1410 2234 strenuo,

291 2242 425 2273 Tollens
453 2246 549 2282 capta
573 2242 689 2284 spolia.
999 2241 1237 2274 Benedicamus
1264 2241 1416 2277 Domino.

184 2331 218 2366 4.
245 2330 329 2362 Nam
357 2330 503 2370 captivos
529 2329 692 2372 liberavit,
887 2331 920 2364 8.
949 2329 1118 2362 Laudetur
1143 2333 1257 2362 sancta
1282 2331 1425 2372 trinitas,

243 2379 346 2412 Israel
372 2380 525 2420 Aegypto
551 2379 653 2421 pavit,
949 2378 1103 2411 Gloriosa
1129 2378 1285 2411 divinitas

289 2428 413 2460 Psallat
439 2437 501 2460 vox
527 2427 663 2460 laetitia.
998 2427 1211 2459 Laetabundo
1239 2429 1393 2462 carmine.

244 2516 421 2552 Rozenplut.
441 2512 617 2550 Kancyom'il
641 2512 724 2547 1601,
748 2524 774 2551 p.
798 2513 855 2543 238
876 2523 919 2551 sq.
