1650 2727
700 181 843 218 —68

244 285 323 316 Vita
348 283 417 315 eius

296 331 399 365 caruit
426 331 516 371 vitio,

245 384 386 414 Assueta

294 431 354 463 Dei
383 429 528 461 servitio.

195 480 215 512 ’.
243 478 394 512 Antistiti
421 477 559 509 Evurtio

245 529 284 561 In
312 529 428 560 missae
455 525 614 558 sacrificio

246 578 331 609 Data
358 580 406 608 est
434 574 630 607 benedictio.

214 705 220 711 .
246 679 271 711 Ο
300 688 366 710 rem
394 677 519 718 miram,
548 686 642 717 quam
663 675 789 707 fecisti!

297 729 333 760 In
360 725 577 767 processionis
605 725 668 765 via,

248 777 331 808 Dum
361 773 532 806 transferri
559 773 716 813 meruisti,

295 825 440 863 Longum
469 823 532 853 iter
561 831 621 862 per
647 821 734 853 bivia

246 873 377 905 Baiulos
406 871 576 902 custodisti

293 922 345 953 Ab
373 920 551 951 inundante
577 919 698 959 pluvia,

245 971 305 1009 Qui
333 968 444 1001 urbem
471 967 644 1008 protexisti

296 1017 453 1051 Pellendo
481 1016 564 1047 mala
592 1016 713 1055 gravia.

196 1068 218 1100 Γ.
247 1067 307 1106 Qui
334 1071 381 1098 tot
407 1065 507 1104 signis
535 1064 682 1095 claruisti

293 1116 358 1146 Per
383 1113 540 1144 miracula
567 1112 690 1154 pervia,

246 1164 347 1196 Nobis
375 1170 467 1201 opem
497 1160 583 1192 feras
611 1160 733 1192 Christi

299 1211 414 1244 Gratia
441 1210 508 1241 eius
536 1209 681 1249 praevia.

416 1326 517 1352 Prosa.

247 1407 413 1445 Supernae
439 1404 553 1435 matris
580 1403 699 1443 gaudia

244 1454 382 1486 Evurtio
409 1456 482 1483 sunt
509 1451 656 1493 grandia,

248 1545 326 1578 Cum
355 1544 477 1576 caelica
504 1543 643 1575 melodia

247 1593 368 1625 Nostra
395 1597 509 1624 sonent
536 1592 740 1632 praecordia.

248 1692 339 1723 Inter
365 1689 469 1721 noctis
496 1689 677 1729 primordia

246 1739 288 1771 Et
318 1738 382 1770 diei
409 1738 543 1769 exordia

244 1787 444 1820 Decantetur
471 1786 666 1826 psalmodia.

245 1886 409 1924 Quaerant
437 1887 551 1915 nostra
577 1884 687 1916 studia

246 1933 310 1965 Per
334 1931 429 1965 huius
456 1932 567 1964 mundi
594 1933 702 1964 stadia

245 1980 414 2014 Pontificis
440 1980 598 2013 subsidia.

245 2078 385 2111 Mortuis
413 2077 497 2109 vitae
525 2078 682 2120 subsidia,

247 2127 349 2160 Mutis
377 2126 473 2158 datur
500 2126 665 2166 facundia,

246 2226 369 2268 Caecis,
397 2224 523 2256 claudis
552 2224 706 2264 remedia,

245 2274 363 2307 Febris
390 2271 480 2313 fugat
508 2273 649 2307 excidia.

244 2373 375 2412 Famis,
404 2371 510 2411 luxus,

292 2422 378 2463 gula,
405 2420 524 2459 acidia,

243 2471 426 2512 Cupiditas,

291 2520 352 2562 ira,
378 2518 503 2552 invidia

947 280 1165 321 Repelluntur

997 333 1094 370 atque
1122 329 1274 362 vecordia

950 378 1014 410 Per
1039 378 1163 418 gratiae

998 426 1178 459 stillicidia.

948 518 1082 550 Fratres
1109 523 1221 558 captos

999 567 1099 598 hostis
1128 567 1278 607 pertidia,

949 616 1114 649 Carcerali

998 664 1124 696 clausos
1151 664 1311 705 custodia,

950 712 1030 744 Eius
1057 721 1154 752 prece

999 761 1041 792 ad
1068 761 1172 793 Deum
1197 761 1306 793 media

949 809 1068 841 Laetos
1094 810 1177 842 vidit

999 860 1073 898 post
1098 862 1189 890 tanta
1215 858 1335 890 taedia.

950 944 1024 976 Iesu
1050 944 1145 983 bone,
1172 949 1207 976 tu
1233 954 1291 976 nos
1317 945 1453 986 irradia,

952 992 1118 1030 CaritatiS‚
1146 993 1308 1032 praebens
1331 994 1498 1033 incendia⁷

951 1041 1021 1073 Tua
1046 1042 1101 1081 pia
1127 1041 1363 1075 misericordia.

951 1128 1068 1168 Spreta
1095 1129 1211 1159 mentis
1240 1129 1365 1160 desidia

951 1178 1012 1209 Per
1037 1177 1149 1208 brevia
1176 1178 1369 1217 compendia

949 1225 1041 1257 Tolle
1068 1226 1184 1257 mentis
1212 1225 1356 1265 fastidia,

951 1313 1010 1352 Qui
1038 1313 1149 1344 urbem
1178 1313 1351 1352 protexisti

999 1362 1155 1394 Pellendo
1182 1362 1266 1393 mala
1293 1362 1417 1401 gravia.

1016 1507 1063 1538 In
1091 1506 1328 1540 Laudibus

1070 1581 1271 1618 Antiphonae.

914 1696 922 1704 .
950 1671 1080 1703 Evurtii
1105 1671 1266 1711 magnalia

948 1720 991 1752 Et
1021 1720 1175 1751 virtutum
1204 1721 1380 1760 praeconia

948 1769 1087 1801 Faciunt
1115 1769 1287 1800 credibilia

949 1817 1010 1849 Dei
1037 1818 1235 1850 testimonia.

949 1905 1126 1937 Aureliana
1152 1906 1261 1945 patria

948 1953 1053 1985 Deum
1080 1953 1191 1985 laudet
1218 1954 1377 1993 devotius,

949 2002 1030 2041 Quia
1056 2002 1088 2033 in
1115 2003 1180 2034 Dei
1207 2004 1291 2035 atria

950 2051 1101 2082 Introivit
1128 2051 1297 2085 Evurtius.

913 2164 920 2171 .
948 2138 991 2171 Os
1019 2147 1136 2178 magna
1162 2139 1362 2179 loquentium

949 2187 1012 2219 Per
1039 2187 1141 2218 Deum
1168 2191 1216 2219 est
1243 2187 1458 2231 obstructum,

949 2236 993 2268 Et
1019 2245 1080 2276 per
1106 2240 1253 2267 sanctum
1281 2236 1454 2270 Evurtium

949 2284 1010 2317 Est
1038 2284 1152 2325 vulgus
1180 2285 1388 2321 instructum.

916 2398 922 2405 .
950 2372 1042 2404 Haec
1067 2376 1157 2405 terra
1185 2373 1367 2406 Aureliana

997 2421 1102 2454 Deum
1130 2430 1242 2454 verum
1270 2422 1456 2466 benedicat,

950 2470 1032 2511 Quia
1057 2470 1091 2503 in
1117 2471 1193 2503 aula
1219 2481 1363 2512 superna

999 2519 1134 2552 Praesul
1169 2530 1230 2562 pro
1256 2530 1295 2554 ea
1321 2522 1498 2563 supplicat.
