1650 2727
711 151 954 186 -91-

422 249 479 284 10,
508 247 608 280 Vobis
635 251 757 288 notum,
785 248 950 290 magister,
981 247 1129 289 facimus,

418 687 474 720 11.

505 297 599 336 Quod
625 296 792 337 hucusque
818 297 898 330 satis
925 297 1122 336 studuimus,

505 345 636 378 Mentes
663 349 792 378 nostras
820 346 928 378 cuncti
954 346 1153 378 retraximus

603 394 656 427 Ab
684 403 808 428 errore.

503 442 675 476 Lascivire
700 442 794 475 nobis
822 452 885 476 non
912 442 1014 481 licuit,

503 490 616 524 Omnis
643 491 739 524 ludus
767 491 861 524 nobis
887 491 1067 532 displicuit,

503 538 595 571 Sicut
622 543 713 580 patet
740 544 772 571 et
799 541 884 572 sicut
910 540 1017 580 patuit

599 589 637 621 In
667 589 786 621 colore.

505 685 610 719 Detur
636 695 713 727 ergo
741 686 834 718 nobis
860 686 1021 727 pausatio,

501 735 682 768 Recreatur
709 745 783 768 nam
810 745 929 775 corpus
956 736 1035 774 otio,

502 784 674 825 Nunquam
702 787 810 825 potest
837 784 907 817 sine
933 785 1080 817 remedio

600 834 795 867 sustentari.

500 882 601 916 Dicas
628 883 722 915 nobis
748 886 804 914 tuo
831 882 991 916 dominio:

500 934 550 966 Ite
577 932 682 965 lusum
710 941 821 964 omnes
848 941 920 964 cum
947 932 1076 973 gaudio,

500 981 552 1014 Ne
578 981 715 1013 tonatur
741 980 893 1014 morandi
918 981 1029 1013 taedio

596 1030 750 1072 Spatiari‚

224 1127 348 1156 Colleet.
370 1136 423 1155 ms,
448 1128 638 1155 Victorinum
661 1136 738 1155 saec.
763 1125 808 1154 13.
830 1125 874 1164 [et
896 1125 954 1163 14.]
978 1126 1049 1154 Cod.
1079 1128 1205 1154 Parisin.
1234 1125 1342 1155 11412.
1367 1143 1398 1146 —
1425 1126 1455 1158 2,
1485 1125 1502 1155 2

142 1168 175 1194 in
194 1167 270 1197 Ible.
293 1183 330 1186 —
353 1165 385 1199 2,
414 1165 433 1194 4
455 1176 574 1195 macera
594 1168 642 1194 fiir
662 1167 802 1195 maceria.
825 1181 863 1186 —
885 1164 917 1200 2,
952 1166 968 1193 6
988 1166 1069 1200 Quot
1090 1166 1209 1194 frondes
1232 1168 1351 1194 circum,
1375 1183 1413 1186 —-
1434 1164 1460 1199 2,
1484 1166 1502 1194 ὅ

141 1205 249 1234 Mondi
270 1215 358 1243 pena.
380 1221 418 1225 ——
439 1204 468 1238 4,
493 1206 507 1234 1
529 1205 706 1234 commenda
728 1215 805 1234 nove
826 1206 1018 1242 praecognio.
1043 1221 1081 1225 —
1107 1207 1135 1237 ti,
1160 1204 1172 1233 l
1197 1206 1370 1234 Celebrator
1393 1216 1500 1242 magno

143 1245 294 1274 mixterio.
323 1261 360 1264 ——
390 1247 423 1278 ei,
460 1244 477 1273 7
506 1246 655 1282 fringitur.
682 1261 721 1264 —
747 1243 779 1278 9,
820 1244 832 1273 1
856 1244 1029 1282 Affigamur.
1057 1261 1094 1266 —-
1125 1244 1158 1278 9,
1190 1244 1207 1272 2
1238 1248 1435 1281 p1·aec·»‹,fniis.
1466 1261 1497 1264 —

144 1283 171 1319 9,
195 1283 212 1312 7
234 1285 447 1313 Emundemus.

605 1460 666 1491 107.
710 1459 770 1492 Pro
793 1458 1033 1491 vacationibus.

403 1571 578 1605 Doctorem
605 1575 752 1605 nostrum
780 1581 956 1612 puerorum
984 1572 1081 1605 turba
1110 1573 1241 1607 salutat,

476 1621 561 1654 Nam
590 1621 671 1654 nihil
698 1621 811 1654 utilius
840 1631 911 1655 esse
939 1623 1044 1655 salute
1071 1625 1178 1663 putat.

155 1720 188 1754 1.
217 1719 325 1756 Salve,
355 1719 470 1752 doctor
496 1719 629 1763 optime,

263 1769 400 1808 Doctor,
427 1767 486 1801 flos
515 1769 697 1812 doctorum,

214 1822 304 1852 Arca
330 1818 525 1859 sapientiae,

262 1868 369 1901 Fonte
397 1868 525 1909 pollens
554 1876 690 1906 morum,

214 1917 346 1951 Exaudi
374 1916 521 1958 piissime

263 1968 383 2000 Preces
409 1966 629 2008 subditorum,

212 2017 248 2050 Si
272 2025 339 2050 non
364 2017 453 2050 iusta
478 2019 606 2058 petunt,

262 2075 358 2100 voces
386 2069 575 2099 contemnas
603 2075 725 2101 eorum.

152 2167 185 2202 2.
213 2166 271 2209 Te,
301 2166 428 2207 doctor,
456 2165 625 2205 scientiae,

262 2215 450 2249 Thesaurus
478 2213 645 2258 fecundat,

212 2264 259 2297 Et
283 2269 414 2298 torrens
441 2263 618 2297 facundiae

263 2314 369 2347 Tuum
396 2322 432 2347 os
458 2312 619 2356 inundat3

213 2363 302 2403 Quid
326 2362 444 2404 loquar
470 2363 513 2396 de
538 2363 660 2403 specie,

263 2413 354 2453 Quae
379 2412 463 2446 nulli
488 2412 596 2445 locum
624 2410 706 2445 dat‘?

213 2461 290 2495 Non
317 2465 391 2503 eget
416 2462 573 2503 exterius,

265 2510 322 2554 qui
346 2510 493 2544 moribus
515 2511 604 2544 intus
631 2509 789 2543 abundat.

865 1721 897 1753 3.
925 1721 1008 1762 Quia
1034 1720 1102 1753 labi
1129 1720 1256 1762 respuis

977 1771 1056 1803 Post
1084 1779 1190 1802 mores
1217 1779 1356 1809 amaros,

926 1818 992 1852 Sed
1019 1819 1122 1860 magis
1151 1818 1306 1860 proficuis

975 1868 1147 1909 Exemplis
1175 1869 1306 1910 ignaros

925 1918 1052 1951 Invitas
1081 1921 1111 1950 et
1140 1918 1274 1951 instruis

975 1967 1030 2001 Ad
1059 1976 1165 2000 mores
1192 1967 1392 2008 praeclaros,

923 2016 1079 2050 Carmina
1104 2016 1176 2049 iure
1204 2017 1319 2050 damus

975 2075 1082 2098 mores
1110 2067 1266 2099 testantia
1292 2075 1394 2099 rarOS.

889 2190 896 2198 .
924 2166 984 2206 Qui
1011 2163 1118 2198 labori
1144 2174 1266 2206 ponere

974 2215 1073 2248 Suum
1101 2213 1197 2247 finem
1222 2215 1337 2253 nescit,

925 2263 991 2297 Diu
1017 2264 1130 2305 nequit
1157 2264 1278 2305 vivere,

975 2313 1041 2347 Sed
1068 2314 1133 2345 cito
1161 2313 1341 2355 decresci13

924 2362 1062 2395 Terram
1088 2365 1183 2404 potes
1210 2371 1355 2404 cernere,

975 2412 1075 2453 Quae,
1103 2411 1131 2444 si
1158 2422 1222 2444 non
1248 2411 1397 2452 quiescit,

924 2459 1089 2502 Frugibus
1115 2461 1258 2493 assiduis

976 2514 1009 2543 et
1035 2509 1145 2544 fructu
1171 2511 1258 2543 lassa
1284 2509 1434 2545 senescit.
