1650 2727
687 162 949 198 —176-

591 287 639 318 72.
681 287 723 318 De
744 287 855 319 sancto
875 285 1039 319 Richario.

285 379 328 410 In
358 378 389 410 1.
417 376 641 419 Vesperis.
917 379 1102 420 Oppressit,
1131 377 1289 418 quosdam
1316 375 1471 416 graviter,

916 427 1028 460 Sancti
1054 427 1117 460 Dei
1144 428 1184 458 de
1210 424 1352 465 famulis,

338 455 382 482 Ad
404 454 587 491 Magmficat.
917 476 983 509 Sed
1010 476 1078 508 eius
1104 475 1190 507 sacri
1217 473 1332 506 tumuli

165 533 207 565 A.
235 533 356 565 Rector
380 532 468 566 orbis
495 537 526 566 et
553 534 751 577 redemptor,
916 524 1020 557 Tactu
1046 525 1182 557 salutem
1210 524 1354 564 capium-

288 587 399 614 nostra
427 583 499 614 dele
527 583 672 623 crimina,
844 573 881 608 V.
912 573 999 605 Fide
1023 572 1151 605 munda
1174 572 1333 612 quotquot
1351 570 1398 602 ad
1414 580 1487 603 eum

241 630 301 670 Qui
327 631 431 662 sancti
459 632 504 663 tui
532 630 678 663 Richarii
916 622 1134 663 confuyemm
1168 623 1197 652 et
1226 630 1311 661 ΡΝΥΟ
1338 619 1486 652 Obsecra-

289 680 448 712 laetamur
475 681 670 722 praesentiay
917 674 1030 703 rercmt
1064 669 1178 708 corde,
1219 669 1331 701 nullus
1366 677 1404 700 ex
1442 668 1489 700 eis

239 728 337 761 Cuius
365 738 423 768 prO
450 727 553 769 nobis,
582 738 743 769 rogamus,
907 719 1022 758 Periit.

287 776 366 809 assit
390 776 592 810 intercessio.

853 817 888 849 2.
915 815 1062 857 metiari,
1089 820 1125 846 tu
1151 819 1298 846 nostrum
1326 813 1438 854 decus,

916 863 1035 895 Fretus
1064 863 1175 895 divino
1200 862 1332 895 oraculo

278 913 322 944 In
350 914 379 944 1.
405 912 637 946 Nocturno.
914 911 965 943 Tu
992 911 1216 950 contempsisti
1247 910 1412 943 saeculum

355 980 566 1015 Responsorja,
915 959 956 992 Et
984 959 1136 991 invenisti
1164 959 1358 1001 Dominuin3

841 1009 882 1043 V.
915 1009 1099 1047 Paupertas
1126 1007 1185 1038 tibi
1213 1007 1348 1048 placuit,

179 1058 209 1090 1.
239 1058 386 1089 Dilectus
414 1064 461 1090 est
489 1060 521 1091 in
548 1057 696 1090 omnibus
915 1057 1033 1088 Mundi
1061 1065 1178 1097 pompa
1207 1056 1386 1096 displicuit,

240 1107 281 1138 Et
309 1107 460 1138 laudibus
487 1114 516 1138 et
545 1107 670 1138 actibus
916 1105 988 1136 Non
1016 1105 1075 1137 tibi
1104 1105 1279 1145 quidquam
1309 1103 1430 1147 defuit,-

237 1155 279 1187 Et
307 1155 402 1186 modo
429 1156 494 1187 suis
523 1156 646 1187 meritis
913 1154 1007 1186 Mens
1035 1158 1090 1186 tua
1117 1154 1221 1186 Deum
1248 1153 1371 1187 habuit.

238 1203 442 1235 Praesidium
470 1201 548 1248 [cst]
578 1204 717 1244 populis,

167 1252 208 1286 V.
237 1250 415 1285 confessor
440 1252 498 1284 fuit
527 1253 658 1284 inclitus
854 1251 887 1285 3.
915 1249 1034 1282 Verbis
1061 1249 1164 1282 fultus
1191 1254 1223 1281 et
1251 1250 1401 1282 sensibus

237 1301 279 1333 Et
307 1300 413 1332 clarus
440 1302 472 1332 in
501 1301 684 1332 virtutibus.
912 1299 957 1331 Et
984 1299 1169 1339 dogmatum
1196 1299 1373 1339 mysteriis,

912 1347 1070 1387 Repletus
1095 1343 1217 1391 [donis]
1246 1347 1396 1388 supernis

175 1399 209 1431 2.
236 1398 315 1430 Cum
325 1398 457 1437 quidam
468 1397 778 1437 claudusparvulus,
910 1396 954 1428 Et
981 1396 1104 1435 pietate
1131 1396 1268 1438 exstitit,

237 1447 388 1479 Privatus
415 1447 480 1477 suis
507 1446 682 1486 gressibus,
913 1445 1011 1477 Cuius
1038 1448 1113 1476 ante
1140 1445 1340 1476 mausoleum

238 1494 349 1526 Sancti
376 1495 559 1534 sepulcrum
587 1495 733 1527 Richarii
915 1492 1029 1524 Taetn·
1056 1491 1210 1533 fugantur
1238 1493 1422 1526 daemones,

237 1542 431 1582 Contigisset
459 1542 524 1574 fide
551 1539 672 1586 [bona]‚
841 1542 880 1575 V.
911 1541 937 1573 Ο
953 1541 1128 1581 (pretiosa)
1143 1541 1350 1573 sacerdotum
1366 1541 1481 1583 gloria,

236 1592 374 1624 Sanatus
402 1595 449 1622 est
476 1592 639 1629 continuo,
913 1589 939 1622 Ο
966 1598 1081 1630 magna
1107 1589 1163 1620 lux
1189 1589 1365 1622 ecclesiae!

167 1639 205 1673 V.
232 1640 318 1671 Fide
359 1640 486 1671 munda
525 1639 584 1682 qui
623 1640 669 1672 ad
706 1649 779 1671 eum

234 1690 427 1720 com-emerat
461 1692 489 1720 et
515 1697 604 1727 puro
631 1689 778 1721 obsecra-

232 1739 321 1768 verat
347 1737 453 1769 corde.

974 1774 1021 1806 In
1049 1776 1080 1808 3.
1109 1774 1343 1808 Nocturno.

174 1834 206 1867 3.
234 1834 319 1866 Dum
347 1834 446 1866 vincti
473 1834 557 1866 viam
584 1836 754 1866 transeunt

235 1883 365 1916 Catenis
393 1883 476 1914 collo
503 1882 643 1914 subditis

232 1931 384 1964 Sanctum
396 1935 568 1971 precantes
577 1931 775 1970 Richarium‚

232 1981 386 2012 Protinus
412 1989 509 2012 saeva
535 1979 622 2010 illius

231 2029 360 2061 Meritis
388 2029 495 2060 vincla
522 2028 710 2067 solvuntur3

161 2077 200 2111 V.
228 2077 402 2110 Efferimus
413 2078 592 2119 (inquiunt)
604 2082 635 2108 te
645 2075 806 2118 laudibus,

231 2127 275 2160 Ut
302 2126 364 2158 tuis
392 2136 449 2158 nos
477 2125 637 2165 suffragiis

279 2174 415 2208 Liberes
441 2185 459 2207 a
486 2175 635 2215 piaculis

1051 1862 1265 1896 Respousoria.

851 1959 881 1991 1.
909 1957 1087 1991 Confessor
1116 1958 1237 1991 Christi
1265 1959 1375 1993 fueras

910 2006 953 2038 Et
979 2008 1143 2040 saeculum
1171 2014 1425 2049 contempseras,

910 2055 1082 2095 Sequendo
1109 2058 1312 2097 evangelium

908 2102 1073 2136 scandisti
1101 2105 1225 2137 caelum
1251 2106 1401 2145 arduum,

831 2153 869 2186 V.
903 2152 928 2185 Ο
957 2153 1100 2194 Richari,
1129 2153 1228 2186 decus
1255 2158 1412 2194 nostrum,

906 2200 1026 2234 Fretus
1055 2201 1166 2235 divino
1192 2204 1337 2236 oraculo.

262 2303 308 2335 In
336 2303 370 2335 2.
399 2301 636 2334 Nocturno.
847 2300 879 2334 2.
907 2298 1082 2332 Efferimus
1108 2302 1140 2331 te
1167 2300 1333 2343 laudibus,

907 2344 958 2392 [O]
985 2354 1097 2381 sancte
1122 2354 1236 2389 pastor
1262 2351 1407 2394 Richari,

904 2396 949 2430 Et
975 2398 1176 2439 postulamus
1203 2401 1367 2440 precibus,

167 2450 197 2483 1.
227 2449 312 2482 Dum
333 2457 431 2481 saeva
449 2447 610 2490 quondam
628 2448 768 2489 patriam
905 2445 951 2478 Ut
975 2447 1040 2478 tuis
1068 2456 1126 2480 nos
1152 2447 1315 2490 suffragiis

226 2499 345 2533 Clades
372 2501 513 2539 voraret,
541 2497 698 2539 plurimos
901 2494 1039 2528 Liberes
1065 2506 1083 2528 a
1109 2495 1258 2539 piaculis,

343 2369 555 2405 Responsoria.
