1650 2727
696 149 964 184 —108—

579 249 611 281 5.
639 248 736 280 Almo
762 257 857 288 quem
882 251 918 280 tu
943 247 1044 280 ubere

682 296 828 330 Lactasti
850 296 884 329 in
909 296 992 338 solo,

636 345 758 378 Tecum
783 349 899 386 regnat
923 345 1028 377 libere

685 394 795 427 Rutilo
820 394 855 426 in
880 394 965 435 polo,

637 444 662 477 O
689 443 877 476 beatissima

635 492 744 525 Maria
769 492 835 532 pia.

233 578 319 604 Cant.
350 586 403 605 ms.
432 579 582 615 Pragense
607 577 790 609 (Wenoeslai
821 578 858 606 de
885 576 1068 614 Wyskytna)
1101 578 1172 604 anui
1207 574 1290 604 1512.
1319 575 1391 604 Cod.
1419 575 1499 603 Mus.

153 616 274 644 Bohem.
296 617 371 645 XIII
393 618 417 645 A
441 616 465 644 2.
490 633 525 637 —
547 616 573 650 3,
595 616 614 644 4
636 619 720 652 Quae
741 618 882 654 genuisti.

605 770 666 801 129.
708 769 751 800 De
771 769 870 801 beata
891 768 994 800 Maria
1015 768 1050 799 V.

191 886 199 894 .
227 858 441 895 Gratulentur

277 911 404 948 musici,
433 911 584 942 carminis

228 958 444 1000 Prorumpant
471 968 566 991 voces

277 1007 309 1038 in
334 1008 464 1040 laudem
491 1008 629 1048 virginis

327 1056 453 1088 Mariae
480 1057 652 1097 gloriosae,

228 1103 306 1136 Sine
331 1106 458 1144 spineto

326 1152 474 1185 florentis
502 1162 607 1193 rosae,

228 1201 370 1234 Servans
398 1203 594 1234 caelibatum

226 1250 305 1282 Orbi
335 1260 417 1290 quae
444 1250 594 1292 profudit
620 1254 741 1283 natum.

193 1377 199 1383 .
230 1349 280 1385 Ex
307 1351 419 1392 figuris

276 1401 396 1434 divinis
423 1402 552 1440 claruit,

228 1450 314 1482 Dum
340 1451 439 1482 rubus
467 1451 549 1483 arsit

278 1507 337 1530 nec
363 1501 471 1531 virens
498 1500 595 1537 aruit,

228 1548 311 1587 Quo,
338 1548 439 1588 virgo.
465 1549 698 1590 praesignaris,

227 1597 327 1628 Partu
354 1598 516 1637 producto

276 1655 337 1677 non
365 1648 554 1683 temeraris3

226 1693 354 1726 Donum
381 1696 565 1737 singulare!

224 1743 345 1775 Exstas
373 1750 476 1776 mater
502 1746 571 1776 sine
598 1754 698 1779 mare.

190 1876 197 1884 .
227 1850 326 1883 Ortus
354 1852 481 1884 clausus

275 1901 436 1939 germinas
464 1901 581 1942 lilium,

223 1948 269 1979 Te
297 1947 369 1980 fons
393 1950 539 1990 signatus

274 1997 382 2038 rigans
410 2000 570 2041 exsilium,

225 2046 270 2078 Te
297 2047 434 2080 thronus
462 2048 656 2088 Salomonis,

222 2095 334 2127 Vellus
361 2098 550 2138 praesignat

270 2150 302 2176 te
328 2145 504 2188 Gedeonis,

222 2192 300 2225 Flos
323 2193 449 2231 florum.
478 2195 596 2234 Maria,

222 2242 271 2275 Tu
298 2248 395 2283 porta
422 2244 508 2284 regis
535 2244 660 2284 pervia.

187 2372 194 2379 .
222 2342 323 2385 Regis
350 2355 461 2386 regum

271 2396 420 2434 genetrix
446 2395 588 2435 humilis,

271 2518 706 2528 ........

935 860 1019 892 Prae
1046 860 1171 891 cunctis
1198 869 1231 891 es
1258 860 1373 899 electa,

935 910 1045 942 Mater
1069 908 1213 946 honoris,

984 958 1085 999 virgo,
1115 956 1239 997 effecta,

935 1005 1029 1038 Felix
1056 1015 1230 1046 puerpera,

934 1054 1077 1087 Lactans
1104 1059 1269 1095 regentem
1296 1055 1441 1088 aethera.

899 1170 906 1177 .
935 1139 1118 1176 Gloriosam

983 1195 1015 1223 te
1041 1192 1108 1232 poli
1132 1191 1270 1234 agmina,

935 1241 1053 1272 Vatum
1080 1241 1207 1273 beatam

983 1289 1171 1321 collaudant
1195 1288 1327 1322 famina.

935 1338 1085 1370 Laudant
1112 1343 1143 1370 et
1169 1338 1260 1371 Evae
1286 1339 1367 1379 nati,

936 1387 1000 1419 Per
1024 1387 1127 1419 filium

984 1440 1073 1468 tuum
1101 1436 1256 1476 reparati,

935 1484 981 1517 Te
1009 1485 1139 1526 dignam
1166 1485 1318 1517 laudibus

935 1533 1117 1566 Concinunt
1142 1543 1253 1566 omnes
1279 1534 1458 1576 plausibus.

898 1650 905 1657 .
933 1619 1049 1656 Iuncta
1076 1627 1131 1654 tuo

983 1672 1167 1713 congaudes
1193 1670 1272 1712 filio,

932 1721 1029 1753 Orbis
1056 1724 1223 1760 assumpta

980 1770 1044 1803 iam
1071 1770 1112 1802 ab
1139 1769 1266 1811 exsilio,

932 1820 970 1851 In
997 1822 1086 1851 veste
1113 1819 1271 1851 deaurata

930 1869 1030 1900 Astas
1056 1877 1076 1900 a
1102 1867 1228 1900 dextris

979 1917 1044 1949 iam
1071 1920 1225 1948 coronata

930 1966 1058 1999 Corona
1083 1965 1217 2006 gloriae,

932 2015 1061 2055 Sponsa
1089 2014 1174 2055 regis
1201 2015 1368 2048 victoriae.

894 2129 900 2136 .
929 2099 1020 2135 Vera
1045 2105 1150 2134 mater

977 2150 1233 2188 misericordiae,

929 2199 980 2232 Sis
1007 2199 1152 2232 adiutrix

977 2248 1009 2280 in
1038 2249 1122 2280 valle
1149 2249 1311 2292 miseriae,

928 2297 1094 2330 Placando
1119 2301 1209 2329 tuum
1236 2303 1346 2331 natum

928 2346 1084 2378 Potenter
1109 2347 1165 2378 de-

975 2399 1067 2436 terge
1092 2399 1217 2428 reatum

928 2445 1075 2485 Purgare
1100 2444 1181 2477 vitia

927 2493 1065 2526 Pietatis
1092 2503 1132 2526 ex
1158 2493 1277 2535 gratia.
