1650 2727
664 122 882 158 -g-

145 219 176 254 1.
203 219 351 254 Peractis
376 220 427 252 vir
452 220 666 262 nequissimus
848 222 882 254 2.
907 220 992 252 Erat
1017 228 1095 260 ergo
1121 221 1199 250 tunc
1224 215 1382 257 temporis

204 269 240 302 In
267 269 378 301 multis
404 269 517 302 mundi
543 269 691 309 partibus
907 267 1083 301 Cuiusdam
1109 266 1198 300 orbis
1224 265 1384 307 principis

202 316 395 350 Sanctorum
422 318 620 351 cruciatibus
907 317 994 349 Puer
1019 316 1211 358 praeclarae
1236 315 1370 356 indolis,

204 366 401 400 Aurelianus
426 367 562 400 Aeduae
907 364 1165 406 Symphorianus
1190 365 1333 403 nomine,

203 416 245 449 Se
272 416 493 457 praesentavit
519 415 647 450 finibus.
906 414 1060 446 Mirando
1087 413 1217 454 pollens
1245 409 1454 455 [schemate].

470 500 502 532 3.
532 498 625 530 Hunc
652 500 748 538 pater
774 497 916 528 Faustus
943 494 1063 527 nobilis

531 547 671 579 Puerum
698 546 891 578 instructum
919 543 1024 575 literis

529 594 697 635 Baptizari
725 593 904 626 constituit.

144 680 177 712 4.
204 678 429 719 Regeneratur
454 686 530 718 ergo
558 674 725 720 [1:igitur]
848 678 881 709 5.
909 674 1025 716 Coepit
1053 683 1135 715 puer
1162 672 1328 714 profusius

203 728 241 760 In
268 727 400 761 Christo
427 726 525 758 fontis
553 726 683 757 lavacro
715 735 718 737 ’
906 723 974 755 Piis
1002 722 1179 755 crescendo
1205 721 1349 755 moribus

205 775 376 808 Caelicolis
403 775 573 816 agentibus
907 772 1046 804 Divinae
1073 772 1153 814 legis
1181 771 1299 804 studiis

203 824 348 867 Benigno
376 830 407 856 et
434 823 616 857 Andochio.
905 821 1034 853 Vacare
1061 820 1126 852 iam
1154 821 1351 862 praecipuis.

648 909 912 945 Invitatoriuni.

398 989 479 1029 Regi
504 989 633 1021 sidereo
659 987 832 1020 iubilemus
861 987 961 1019 corde
987 985 1138 1026 benigno.

396 1038 457 1078 Qui
484 1038 612 1078 superis
642 1040 788 1069 sanctum
817 1036 953 1068 sociavit
982 1034 1266 1076 symphorianum.

203 1120 243 1155 In
266 1120 346 1154 dein
365 1122 465 1154 sonst
483 1118 722 1163 prosaischen,
750 1128 813 1154 aus
831 1117 896 1153 der
915 1116 1047 1153 Schrift
1065 1127 1270 1161 gezogenen
1289 1116 1455 1153 Officium

107 1179 170 1214 der
196 1178 243 1213 hl.
264 1179 377 1213 Maria
397 1177 609 1221 Magdalena
636 1176 746 1212 findet
773 1177 845 1212 sich
874 1180 1073 1222 spatestens
1091 1177 1158 1211 seit
1178 1177 1258 1211 dein
1279 1177 1331 1211 11.
1351 1176 1454 1212 Jahr-

108 1237 261 1273 hundert
289 1237 371 1272 sehr
397 1235 515 1279 haufig
539 1236 595 1271 die
614 1234 780 1279 folgende
799 1235 992 1280 Antiphon,
1021 1235 1078 1270 die
1097 1234 1185 1270 noch
1206 1234 1343 1271 Elision
1362 1236 1455 1280 zeigt

109 1296 215 1340 (nach
238 1295 343 1330 Brev.
371 1305 434 1330 ms.
464 1293 674 1330 Secoviense
701 1303 791 1329 saec.
820 1292 853 1313 ¹¹
870 1308 913 1330 12.
941 1293 1027 1330 Cod.
1056 1292 1229 1330 Graecen.
1259 1295 1363 1331 Uol:

298 1379 453 1412 Fundans
481 1378 555 1410 Sion
585 1379 617 1410 in
644 1377 807 1418 saphyris,
836 1386 893 1409 rex
921 1377 1050 1410 Christe
1077 1377 1246 1409 altissime.

298 1430 347 1461 Ae
373 1436 584 1468 propugnans
611 1426 807 1467 iaspidibuS,
834 1431 866 1458 te
891 1436 931 1458 ex
959 1426 1024 1457 fide
1050 1424 1241 1466 scientibus,

298 1477 423 1509 Memor
449 1476 540 1508 Raab
568 1479 599 1507 et
627 1475 804 1515 Babylonis
832 1484 903 1506 cum
930 1474 1037 1507 Maria
1065 1475 1273 1516 magdalena,

299 1525 418 1557 Confer
445 1524 602 1564 nobisque
629 1533 668 1556 ex
696 1524 784 1556 illius
811 1523 945 1564 pietatis
975 1524 1139 1564 magnalia

300 1574 343 1606 Ut
371 1578 402 1605 et
429 1573 528 1605 corde
556 1573 735 1613 paenitenti
762 1581 819 1605 nos
846 1573 1044 1613 alienigenas

300 1623 360 1655 His
387 1623 580 1662 quandoque
608 1621 786 1661 collaetari,
814 1621 998 1660 miserator,
1026 1620 1190 1661 perficias.

206 1704 247 1740 In
274 1703 478 1739 demselben
508 1701 671 1738 Officium
697 1702 873 1747 begegnet
893 1712 975 1738 man
999 1703 1104 1746 (enach
1132 1703 1235 1738 Brev.
1258 1714 1321 1739 uis.
1342 1703 1456 1740 Bene-

109 1764 191 1799 dict.
211 1762 345 1798 Sueeic.
373 1772 463 1797 saec.
494 1762 549 1796 15.
578 1761 663 1797 Cod.
685 1760 855 1806 Upsalen.
884 1760 910 1797 C
929 1760 1028 1804 477.)
1056 1761 1146 1797 noch
1174 1762 1237 1797 der
1263 1761 1455 1806 folgenden

109 1821 373 1868 rhythniischen
403 1821 599 1865 Antiphon:

348 1890 500 1922 Gloriosa
526 1891 589 1922 iam
616 1898 675 1930 per
699 1889 812 1921 orbem
838 1889 951 1922 rutilat
977 1889 1190 1931 sollemnitas,

347 1942 415 1978 Qua
445 1939 617 1971 caelestem
644 1939 781 1978 sumpsit
808 1939 907 1970 vitam
935 1938 1043 1970 Maria
1069 1938 1278 1980 Magdalena,

351 1988 437 2020 Luce
465 1996 603 2020 vernans
629 1987 773 2027 pretiosa
800 1991 923 2019 turmas
950 1987 1035 2019 inter
1060 1988 1212 2031 caelicas,

350 2037 447 2069 Cuius
475 2046 544 2076 nos,
573 2037 647 2069 Iesu
673 2036 822 2077 benigne,
848 2035 914 2068 iam
939 2041 1031 2068 tuere
1058 2037 1222 2077 precibus.

350 2086 392 2119 Ut
422 2094 491 2117 cum
520 2085 577 2117 illa
604 2090 635 2116 te
659 2084 795 2117 laudare
821 2085 983 2125 possimus
1009 2094 1069 2125 per
1094 2086 1235 2119 saecula.

207 2168 281 2203 Aus
308 2168 421 2203 einen]
451 2165 788 2203 handschriftlichen
805 2165 975 2202 Breviere
1001 2177 1069 2202 von
1088 2167 1333 2204 Remiremont
1351 2168 1455 2206 ‹Cod.

111 2226 305 2273 Spinalien.
339 2227 405 2261 104
433 2236 524 2262 saec.
547 2227 619 2263 Iti.)
638 2225 776 2262 notiere
795 2225 851 2261 ich
870 2225 927 2261 die
945 2226 1128 2271 Antiphon
1147 2226 1209 2262 auf
1226 2226 1456 2264 Romaricus:

519 2317 636 2350 Pastor
663 2316 805 2348 clemens
833 2315 1035 2350 Romaricus.

518 2366 580 2397 Dei
607 2373 720 2398 servus
747 2370 779 2398 et
807 2364 942 2404 amicus,

519 2415 582 2448 Per
607 2416 760 2447 Amatum
787 2414 955 2446 eremitam

518 2463 708 2505 Spiritalem
736 2463 828 2497 duxit
855 2463 968 2503 vitam,
