1650 2727
660 157 926 194 -120—

200 252 339 282 Officium
360 263 471 282 novum
487 255 567 284 beati
582 256 736 290 Iohannis,
757 257 811 292 qui
825 264 917 292 supra
932 260 1035 293 pectus
1051 255 1173 284 Domini
1188 255 1221 282 in
1234 262 1310 283 cena
1324 253 1471 282 recubuit.

122 292 197 329 Imp.
219 293 375 322 Bononiae
397 292 481 322 1525.
506 308 539 313 -
557 294 729 330 Colophon:
753 295 935 332 Impressum
951 294 1106 322 Bononiae
1127 296 1158 322 in
1180 294 1306 323 aedibus
1327 292 1470 322 heredum

124 331 291 365 Benedicti,
311 334 462 368 quondam
484 335 624 362 Hectoris
644 334 682 362 de
703 334 816 362 Faellis
837 334 1005 363 Bononien.
1019 335 1142 362 civium.
1161 333 1246 361 Anno
1262 333 1295 361 C.
1311 332 1469 361 MDXXV.

120 370 221 399 Nonis
242 371 366 408 Aprilis.
388 386 426 392 ——
446 373 509 401 Vor
524 372 610 408 jeder
630 373 727 401 Here:

570 428 607 458 V.
629 431 749 468 Singuli
770 431 935 460 Iohannem

665 479 782 507 semper
801 470 1015 504 collaudemus,

570 510 602 537 R.
626 509 701 537 Eius
723 509 761 537 ob
783 509 926 538 honorem

666 549 729 576 Deo
751 549 922 576 iubilemus.

492 691 542 722 48.
586 691 626 722 De
649 699 689 723 ss.
711 689 851 723 Iohanne
871 692 904 722 et
925 691 1095 723 Marciano.

265 783 310 815 In
341 783 371 816 1.
400 783 619 822 Vesperis.

338 849 540 885 Antiphonae.

189 955 196 962 .
227 928 271 959 Hi
299 929 362 959 duo
389 929 491 960 nostri
519 932 691 969 martyres,

225 976 273 1007 De
301 976 389 1008 clara
417 977 505 1009 tribu
531 976 657 1009 nobiles

272 1026 309 1057 In
337 1025 465 1056 Lubrae
493 1025 634 1065 civitate,

223 1072 370 1105 Gentiles
397 1074 429 1105 in
458 1074 635 1106 catholicos

223 1121 320 1162 Rapti
349 1127 431 1164 sunt,
461 1122 493 1154 in
521 1123 700 1163 neophytos

270 1171 333 1202 Pro
361 1170 481 1202 Christi
510 1170 656 1203 caritate.

191 1285 196 1289 .
225 1257 325 1289 Sacer
352 1258 511 1290 Abundus
540 1258 679 1297 ducitur,

224 1306 277 1337 Ad
306 1306 499 1346 supplicium
529 1307 669 1346 vehitur⁷

271 1358 370 1393 Quem
399 1359 489 1394 rogat
517 1354 716 1397 Marcianus,

224 1403 344 1434 Natum
369 1407 403 1433 nt
430 1404 581 1435 restituat

224 1451 350 1490 Vivum,
370 1460 463 1491 quem
483 1451 545 1483 iam
562 1451 765 1491 perdiderat,

270 1500 313 1532 Ut
342 1499 396 1530 fiat
426 1500 633 1532 christianus.

191 1613 198 1620 .
227 1586 364 1619 Sanctus
391 1588 480 1619 illum
509 1588 681 1619 resuscitat

224 1635 412 1667 Iohannem.
441 1637 494 1676 qui
523 1637 711 1676 dormierat,

273 1685 434 1716 Pristinae
461 1685 593 1716 sanitati

225 1733 354 1764 Patrem
386 1738 561 1773 natumque
587 1737 732 1776 renovat,

225 1782 320 1821 Aqua
346 1782 459 1813 salutis
486 1783 653 1824 adgregat,

275 1831 361 1862 Fons
387 1831 490 1866 vivus,
519 1830 645 1865 deitati.

191 1945 198 1951 .
227 1917 308 1949 Tres
335 1917 490 1949 decollari
516 1917 677 1959 praecipit

227 1966 356 2006 Cat-sar,
373 1975 452 2006 quos
467 1966 615 1998 Christus
630 1967 767 2009 suscipit

274 2016 310 2047 In
337 2015 440 2055 gloria
467 2016 610 2056 caelesti,

225 2064 365 2102 Quorum
393 2068 521 2096 sacrata
548 2073 687 2105 corpora

225 2112 347 2145 Humat
375 2112 463 2144 clara
490 2113 663 2146 Theodora

272 2164 309 2195 In
340 2161 477 2201 praedio
502 2162 686 2201 campestri.

172 2253 206 2284 Γ.
233 2249 275 2282 Et
303 2254 375 2290 post
402 2259 558 2281 annorum
587 2249 694 2289 spatia

224 2299 361 2332 lubente
389 2298 512 2331 Christi
540 2299 645 2339 gratia

271 2348 342 2380 Hoc
369 2347 401 2379 in
430 2348 586 2388 templum
615 2346 725 2380 delata

223 2397 384 2432 Marciani
411 2396 619 2436 sanctissimi,

202 2461 203 2464 ¹
221 2445 375 2480 Iohannis
401 2445 613 2478 sacratissimi

273 2496 417 2537 Corpora
444 2499 518 2527 sunt
545 2495 652 2530 beata.

1017 782 1063 808 Ad
1088 780 1271 818 Magnificat-

852 851 893 883 A.
922 851 948 883 O
975 850 1108 891 gloriosi
1133 850 1312 891 principes,

924 899 1057 932 Patroni
1084 898 1185 931 nostri
1214 907 1377 938 proceres,

922 947 983 988 Qui
1010 947 1170 987 praesulis
1197 947 1377 980 ministerio

925 995 1147 1028 Crescentiani
1173 995 1287 1028 sedulo

973 1044 1010 1075 In
1038 1044 1098 1076 hac
1124 1045 1199 1076 aula
1225 1044 1358 1081 sedetis,

923 1092 1048 1132 Quique
1075 1092 1165 1124 Petri
1191 1091 1357 1132 pontificis

924 1141 1004 1181 Ope,
1032 1141 1147 1173 summi
1174 1141 1322 1183 artificis,

973 1189 1143 1221 Miraculis
1169 1188 1313 1230 fulgetis,

923 1237 976 1270 Ad
1005 1237 1107 1270 Deum
1135 1238 1340 1277 intercedite,

924 1286 1051 1319 Devota
1077 1293 1184 1319 mente
1211 1287 1346 1329 poscite,

926 1334 970 1368 Ut
998 1335 1127 1375 plebem
1153 1336 1247 1367 istam
1276 1339 1395 1376 augeat

925 1384 1174 1424 virtutibusque
1200 1385 1334 1417 muniat.

967 1530 1026 1561 Ad
1055 1530 1327 1564 Matutinum.

1036 1607 1258 1634 Invitatorium.

925 1695 1087 1727 Christum
1108 1705 1215 1736 regem
1237 1696 1471 1736 collaudemus,

924 1743 1061 1776 Iohanni
1089 1749 1118 1775 et
1146 1745 1232 1785 patri
1258 1744 1444 1778 iubilemus.

1046 1851 1259 1885 Responsoria.

889 1943 896 1950 .
925 1917 1121 1950 Defunctum
1150 1929 1281 1959 gemens
1310 1919 1411 1952 filium

975 1967 1038 1998 Hic
1066 1968 1219 2009 princeps
1247 1969 1438 2002 Marcianus

924 2016 1049 2048 Euntes
1076 2016 1117 2047 ad
1146 2018 1344 2058 supplicium

975 2065 1041 2096 Iam
1070 2066 1186 2101 cernit.
1212 2076 1291 2106 quos
1318 2067 1452 2100 insanus

926 2113 1047 2146 Caesar
1072 2119 1148 2145 tune
1175 2115 1357 2147 infidelium

973 2161 1078 2194 Mittit
1110 2162 1342 2204 Diocletianus,

890 2235 898 2242 .
926 2211 970 2244 Ut
999 2211 1097 2242 vitam
1125 2222 1185 2252 per
1212 2213 1406 2252 martyrium

975 2259 1148 2294 Abuntlns.
1179 2262 1246 2293 Deo
1275 2271 1380 2306 carus,

927 2308 1118 2350 Finiretque
1145 2311 1376 2344 Abundantius

974 2358 1037 2390 Per
1062 2358 1235 2398 impiorum
1263 2369 1388 2394 manus.

865 2446 897 2480 2.
931 2445 989 2478 Vir
1014 2446 1202 2479 Marcianus
1229 2448 1361 2481 inclitus

963 2494 1126 2537 Juquirit,
1154 2496 1357 2532 sciscitatur:
