1650 2727
709 139 948 176 -30-

171 239 205 272 5.
231 237 320 270 Nato
344 237 457 270 mundi
480 239 645 271 salvatore
899 241 932 273 9.
961 240 1032 273 Lex
1058 239 1215 281 impletur
1240 240 1273 269 et
1298 236 1477 278 scriptura,

231 285 324 319 Novo
350 286 472 328 gaudet
496 291 586 319 terra
611 296 698 327 rore,
961 287 1017 321 Fit
1043 292 1172 320 creator
1197 289 1349 319 creatura

280 334 370 367 Caeli
397 335 541 375 gaudent
567 336 699 376 sidera;
1012 336 1090 370 Sine
1115 337 1177 368 viri
1203 334 1344 375 semiue3

232 383 335 415 Terra
361 393 478 416 novum
506 383 605 417 habet
630 394 751 426 regem,
961 385 1008 419 Ut
1033 385 1076 417 sit
1100 385 1214 417 mundi
1240 384 1422 424 reparator,

232 431 296 464 Dat
326 440 383 463 rex
411 442 512 464 novus
538 443 655 465 novam
682 434 786 475 legem
962 433 1123 467 ereatura
1148 433 1185 465 fit
1213 436 1342 463 creator

282 481 378 521 Legis
406 482 572 521 complens
599 491 711 522 opera.
1014 482 1052 514 In
1078 482 1186 514 Maria
1212 480 1348 521 virgine.

172 569 205 601 6.
233 568 259 600 O
285 578 379 609 quam
406 568 485 600 felix
513 569 601 600 istud
627 570 708 612 Ave,
880 570 935 603 10.
964 570 990 603 O
1016 569 1181 610 magister,
1211 577 1268 600 vas
1294 568 1438 607 honoris,

234 617 335 657 Quam
355 618 571 657 praeclarum,
591 627 686 657 quam
705 627 804 651 suave
964 618 1105 651 Pretiosi
1130 617 1189 650 flos
1215 617 1336 659 odoris,

282 666 359 697 Fuit
387 666 521 697 verbum
549 666 672 698 nuntii!
1012 666 1187 699 Fluentum
1214 666 1382 706 scientiae,

236 714 325 746 Illud
353 714 487 746 verbum
517 714 671 746 salutavit
966 716 1013 748 Te
1040 716 1217 748 clamantes
1245 723 1425 754 exoramuS,

235 762 277 794 Et
307 763 449 803 puellam
471 763 711 804 impraegnavit
969 763 1037 796 Nos
1061 764 1242 805 permittas,
1272 768 1305 794 ut
1333 767 1484 803 petamus

287 813 386 843 Partu
414 812 489 843 novi
515 811 585 844 filii.
1016 811 1116 844 Fines
1144 812 1248 845 dulcis
1275 812 1413 852 patriae.

175 900 207 933 7.
235 899 483 932 Consummatur
510 900 540 931 in
574 899 682 931 Maria
884 899 940 932 11.
968 898 1037 931 Nos
1064 899 1141 930 ituri
1167 899 1227 931 tibi
1254 899 1338 938 vale,

240 948 478 989 Prophetarum
506 947 681 989 prophetia
969 948 1103 983 Doctor,
1134 948 1257 987 damuS‚
1286 952 1360 987 post
1387 947 1496 980 natale

289 998 349 1029 Tot
377 1007 437 1038 per
465 996 637 1038 vaticinia3
1018 995 1234 1028 Revertemur
1259 997 1398 1038 iterum3

241 1046 345 1078 Stella
371 1047 475 1086 praeit
506 1055 622 1078 novum
649 1046 760 1086 solem,
972 1045 1052 1078 Cum
1080 1045 1122 1077 ad
1150 1045 1278 1078 scholas
1304 1050 1515 1085 revertemur,

240 1095 339 1132 Virgo
366 1096 451 1135 parit
482 1104 595 1127 novam
625 1095 762 1136 prolem,
972 1095 1090 1127 Omnes
1118 1094 1177 1126 tibi
1204 1094 1380 1134 largiemur

290 1144 389 1183 Yirgo
416 1145 478 1175 viri
506 1144 627 1175 nescia.
1023 1143 1222 1184 Largitatem
1248 1152 1427 1175 munerum.

181 1234 215 1266 8.
242 1232 285 1265 Ut
314 1241 372 1263 nos
402 1232 496 1263 ducat
525 1232 566 1264 ad
595 1232 744 1271 salutem,
890 1233 946 1266 12.
976 1230 1152 1263 Iubilemus
1179 1231 1335 1263 salvatori

239 1281 355 1314 Carnis
383 1281 479 1312 sumit
509 1280 700 1312 servitutem
974 1279 1042 1312 Nos
1070 1281 1248 1313 concordes
1277 1281 1384 1312 cordis
1410 1280 1458 1313 ori

289 1330 410 1362 Summi
437 1330 541 1370 patris
569 1329 675 1369 tilius3
1024 1329 1108 1360 Pura
1136 1329 1346 1368 conscientia,

240 1379 351 1410 Laetis
379 1380 475 1409 sumit
503 1378 669 1415 alimenta,
973 1378 1104 1409 Laudes
1137 1378 1266 1410 Christo
1302 1379 1518 1417 concinamus,

238 1428 298 1468 Qui
327 1426 483 1465 gubernat
513 1428 672 1458 elementa
973 1425 1016 1459 Ut
1045 1436 1114 1458 cum
1143 1428 1214 1467 ipso
1241 1427 1440 1466 gaudeamus

291 1477 410 1508 Potens
437 1480 467 1507 et
497 1476 670 1515 propitiuS.
1022 1475 1056 1506 In
1084 1477 1221 1515 perenni
1249 1475 1362 1515 gloria.

245 1563 368 1591 Collect.
391 1571 444 1588 ms.
467 1563 656 1589 Victorinum
678 1571 755 1589 saec..
781 1559 826 1588 13.
848 1558 890 1597 [et
915 1560 971 1598 14.]
995 1561 1066 1589 Cod.
1091 1562 1221 1589 Parisin.
1246 1561 1357 1590 11412.
1382 1579 1417 1582 —
1443 1562 1472 1596 1,
1501 1561 1519 1590 6

169 1605 268 1630 carnis
298 1601 416 1628 solium.
440 1616 473 1619 »-
497 1600 531 1633 4,
560 1598 578 1626 2
600 1601 694 1637 Virgo
721 1600 847 1628 verbum
875 1609 974 1636 passa.
996 1615 1033 1620 —
1054 1599 1088 1633 7,
1117 1600 1136 1628 2²,
1155 1603 1214 1629 Tot
1242 1603 1273 1628 in
1304 1604 1461 1630 vaticinia.
1483 1618 1519 1622 —-

165 1639 192 1675 8,
218 1641 231 1669 l
256 1642 356 1669 ducas.
380 1655 416 1658 —
441 1638 484 1668 10,
507 1639 524 1667 5
545 1639 608 1666 Nos
631 1641 784 1676 permittes
809 1640 834 1666 si
856 1643 1001 1676 petamus.
1026 1656 1049 1659 —
1077 1640 1358 1675 Cfr.Dume'ri1111‚
1382 1640 1440 1670 300
1455 1650 1519 1678 sqq.

497 1804 545 1834 99.
588 1802 648 1833 Pro
670 1800 844 1834 Vaeatione
866 1802 899 1834 in
921 1802 1028 1835 Natali
1052 1804 1184 1836 Domini.

184 1907 215 1940 1.
243 1905 420 1938 Iubilemus
447 1913 558 1937 omnes
586 1904 626 1944 ei,
912 1906 943 1938 3.
973 1906 1044 1938 Lux
1072 1906 1158 1938 lucet
1183 1907 1265 1939 nulli
1291 1908 1446 1951 secunda,

241 1955 341 1988 Cuius
366 1954 472 1985 caecis
497 1953 630 1985 iubilaei
972 1955 1042 1986 Lux
1066 1955 1213 1996 insignis,
1238 1956 1293 1988 lux
1321 1957 1473 1996 iucunda,

290 2003 368 2035 Dies
395 2002 488 2034 nobis
515 2002 628 2043 oritur,
1021 2003 1240 2038 Iucundemur
1265 2006 1400 2048 pariter,

241 2053 332 2094 Dies,
359 2051 502 2091 inquam,
531 2054 664 2082 nostrae
690 2050 772 2091 spei,
971 2052 1078 2084 Natus
1103 2054 1222 2086 mirata
1249 2058 1367 2087 natura

241 2101 332 2137 Dies,
361 2101 392 2131 in
420 2109 483 2140 qua
510 2099 607 2141 primi
634 2098 681 2130 rei
972 2101 1110 2133 Creator
1137 2103 1177 2133 de
1205 2107 1355 2136 creatura

291 2149 454 2182 Delictum
482 2147 674 2180 obstruitur.
1019 2149 1125 2181 Carne
1152 2155 1263 2183 nostra
1291 2153 1424 2192 tegitur.

183 2240 216 2272 2.
244 2238 319 2270 Sola
346 2239 452 2268 mater
477 2243 592 2268 excors
618 2234 717 2266 maris
910 2237 943 2268 4.
971 2235 1086 2268 Carnis
1113 2241 1245 2270 nostrae
1272 2244 1445 2280 reparator

241 2287 298 2319 Fit
323 2284 444 2325 Maria,
471 2284 567 2316 stella
590 2284 701 2324 maris,
972 2285 1110 2318 Carnem
1137 2288 1245 2324 vestit,
1273 2288 1454 2328 imperator

291 2335 345 2368 Sol
373 2334 413 2366 de
437 2333 534 2365 stella
560 2332 725 2372 nascitur3
1019 2333 1236 2375 Archangelis
1262 2336 1439 2382 imperans,

245 2385 303 2417 Pia
329 2391 458 2424 parens,
486 2389 604 2422 expers
631 2381 731 2421 paris,
971 2382 1083 2415 Omnis
1110 2391 1186 2416 caro
1213 2390 1416 2427 renascatur,

242 2434 325 2467 Dum
354 2436 521 2473 parentem
549 2434 639 2461 tuum
666 2430 766 2470 paris,
972 2430 1115 2463 Verbum
1142 2434 1246 2472 patris
1273 2435 1465 2470 incarnatur

292 2483 418 2516 Natura
445 2479 621 2513 deluditur.
1019 2480 1126 2513 Carne
1152 2490 1283 2514 carnem
1310 2483 1467 2520 liberans.
