1650 2727
678 132 948 169 -113—

585 265 648 299 137.
689 266 733 298 De
754 266 853 299 beatu
873 266 976 299 Maria
998 267 1032 296 v.

177 380 209 413 1.
242 378 340 420 Virgo
366 377 496 418 nobilis,
861 379 918 412 10.
951 379 1061 411 Virum
1090 387 1152 409 non
1180 387 1288 412 nosco

238 428 396 461 Genetrix
423 427 478 459 dia

234 477 279 509 Et
305 475 465 519 amabilis,

237 525 336 566 Virgo
363 525 481 557 Maria.

198 651 205 658 .
236 624 386 657 Summus
412 625 445 654 te
470 627 566 662 pater

234 671 288 704 Ab
316 671 463 712 exordio,

236 720 281 754 Ut
307 729 396 752 esses
424 724 529 752 mater

235 769 299 802 Suo
326 768 404 809 filio,

197 894 203 901 .
232 867 373 908 Dignam
401 867 518 909 elegit;

232 917 294 957 Qui
320 917 427 949 caelos
455 918 550 958 regit,

232 966 279 998 Te
308 966 475 998 adamavit

232 1016 282 1048 Ac
309 1015 498 1048 illustravit.

197 1140 203 1146 .
234 1113 391 1146 Nuntium
419 1113 518 1153 misit,

232 1162 291 1197 Cui
319 1163 498 1195 commisit:

231 1212 322 1244 Haec
348 1221 469 1244 arcana
496 1211 547 1244 fer

234 1261 277 1293 Et
305 1265 422 1294 cuncta
446 1259 544 1293 refer.

197 1386 204 1393 .
233 1359 465 1393 Habitaculum

233 1409 460 1450 Archangelus
486 1409 512 1440 it

232 1458 277 1490 Et
302 1459 468 1491 oraculum

230 1507 292 1539 Dei
319 1508 437 1549 aperit.

195 1633 202 1639 .
231 1606 312 1646 Ave,
341 1600 459 1646 Mar-iii,

231 1656 379 1696 Angelus
407 1655 502 1698 dixit,

231 1705 334 1738 Plena
361 1705 477 1748 gratia,

230 1754 273 1786 Et
301 1757 377 1794 post
404 1753 547 1788 detexit:

195 1879 203 1887 .
230 1854 344 1887 Paries
369 1858 493 1894 natum,

230 1904 330 1942 Quem
358 1903 447 1936 chori
475 1907 585 1936 vatum

232 1953 459 1994 praecinuere,

229 2003 433 2037 Adoravere.

860 622 916 656 11.

859 868 914 902 12.

857 1114 913 1146 13.

857 1359 913 1392 14.

857 1607 911 1638 15.

855 1853 914 1888 16.

944 428 1001 459 Ait
1029 426 1146 467 Maria,

945 475 1119 515 Materque
1145 484 1244 515 posco

944 523 1041 556 Effici
1069 524 1134 556 dia.

945 621 1021 653 Noli
1048 621 1173 657 timere,

943 671 1046 711 Virgo
1073 674 1213 707 sacrata,

944 719 1033 751 Haec
1061 720 1121 751 tibi
1148 718 1235 751 ferre

944 768 1025 801 Veni
1052 773 1188 801 secreta.

942 867 1070 900 Numen
1097 871 1269 907 paternum

941 917 987 948 Te
1014 916 1234 955 obumbrabit,

944 966 1087 998 I’neuma
1113 975 1286 1005 supernum

942 1014 988 1046 Te
1015 1014 1199 1049 adornabit,

943 1112 1061 1144 Verbis
1087 1112 1251 1153 secunda3

942 1161 1006 1201 En⁷
1033 1162 1184 1194 altissimi

943 1212 1019 1243 Fies
1048 1210 1188 1243 fecunda

942 1260 1051 1292 Mater
1077 1260 1148 1293 filii.

944 1359 1032 1390 Velis
1061 1359 1207 1396 credere,

942 1408 1034 1441 Mitis
1060 1408 1181 1450 puella,

943 1457 979 1488 ln
1007 1461 1062 1489 tua
1090 1466 1166 1489 vere

942 1506 1078 1539 Sacrata
1106 1506 1189 1539 cella

941 1605 1042 1647 Gigas
1069 1607 1201 1647 armari,

942 1654 1051 1688 Carne
1077 1656 1183 1696 togati

942 1704 1031 1747 Vult,
1060 1705 1224 1744 oprimere

943 1753 1088 1797 Hostem,
1119 1760 1277 1793 sternere,

941 1853 1069 1887 Cuncta
1096 1854 1204 1896 spolia

941 1903 994 1935 Illi
1019 1912 1137 1944 rapere

940 1952 983 1986 Et
1011 1954 1053 1985 ad
1082 1953 1150 1986 lilia

942 2002 1050 2036 Patris
1078 2001 1270 2035 transferre.

196 2129 204 2137 .
232 2102 282 2135 Ex
309 2106 365 2135 tuo
390 2103 465 2135 alvo
857 2102 914 2136 17.
943 2102 1039 2136 Hunc
1067 2107 1155 2135 tuum
1184 2105 1294 2135 natum

230 2152 362 2186 Pudore
388 2152 480 2185 salvo
946 2151 1085 2184 Vocabis
1113 2153 1231 2191 Iesum,

235 2201 396 2234 Procedet
422 2205 518 2234 natus
945 2201 1021 2234 Post
1049 2201 1250 2234 immolatum

235 2249 464 2285 Desideratus,
944 2249 1083 2283 Videbis
1107 2260 1248 2283 caesum.

194 2376 200 2382 .
230 2348 330 2390 Virgo
355 2349 510 2384 turbatur
857 2349 914 2384 18.
940 2349 1004 2388 En,
1032 2349 1215 2394 Elisabeth,

230 2399 470 2440 Archangelieo

229 2447 274 2481 Et
299 2447 483 2482 admiratur

229 2498 266 2530 In
293 2497 433 2538 eloquio,

188 2557 212 2582 D
218 2565 232 2581 1·
239 2564 253 2580 e
261 2565 277 2581 v
284 2565 298 2581 e
306 2563 318 2580 s
327 2576 333 2586 ,
340 2546 349 2549 Δ
355 2557 509 2582 Cantiones
525 2559 554 2582 et
569 2557 681 2582 Mutati.

942 2399 1012 2432 Tua
1039 2404 1187 2442 cognata,

942 2448 1022 2481 Cum
1050 2448 1140 2481 Deus
1168 2449 1271 2489 iubet,

943 2494 1037 2543 [Est]
1063 2498 1304 2540 impraegnata.

1291 2552 1309 2583 8
