1650 2727
188 243 244 276 19.

189 944 245 976 22.

187 1416 244 1447 24.

185 1650 243 1681 25.

271 243 369 284 Ecce,
397 243 527 276 humilis

271 291 332 324 Dei
359 292 498 335 ancilla3

272 340 331 381 Ea,
360 349 442 381 quae
470 341 562 383 dicis,

271 388 369 420 Fiant
397 390 427 420 in
455 390 522 422 illa.

236 501 243 508 .
272 475 389 516 Stupet
417 481 543 514 natura,

272 524 357 556 Dum
387 535 445 557 sua
470 526 553 565 iura,

274 573 386 606 Puella
413 583 506 613 pura,

273 622 311 653 Iu
338 626 369 652 te
397 621 601 662 franguntur.

237 733 244 740 .
272 710 298 741 Ο
326 714 430 740 mater
456 708 521 740 Dei

272 757 488 796 Felicissimi,

272 805 323 837 Sis
350 814 473 837 memor
500 806 564 837 mei

272 854 333 886 Die
360 855 484 886 ultima.

275 944 357 983 Spes
386 943 572 975 mortalium

275 992 384 1024 Prima
412 996 485 1032 post
514 992 627 1029 Deum,

274 1040 378 1073 Nobis
406 1041 506 1073 tilium

275 1089 343 1121 Fac
370 1090 560 1131 propitium.

276 1178 441 1210 Virtutum
469 1178 552 1210 cella

273 1227 563 1268 Fragmntissima,

274 1277 457 1316 Propinans
484 1276 582 1308 mella

273 1325 482 1363 Suavissima‚

272 1414 389 1456 Maria,
418 1413 513 1445 stella

273 1463 497 1501 Serenissima,

270 1511 373 1551 Educ,
403 1510 532 1542 ancilla.

272 1559 542 1592 Profundissium.

273 1646 396 1685 Quibus
423 1646 530 1684 oriris,

269 1695 342 1727 Non
371 1693 614 1734 naufragantur,

271 1743 406 1776 Fluctus
433 1742 582 1782 aequoris

270 1792 340 1824 Non
368 1792 597 1823 ulversantur.

168 1949 241 1975 Post
261 1947 368 1974 locum

208 2105 238 2138 1.

203 2341 234 2373 2.
264 2338 371 2371 Corde
397 2348 496 2371 ovans
524 2338 603 2370 cleri
631 2342 742 2370 coetus

313 2388 452 2420 Carmen
479 2388 669 2427 ructuando,

263 2437 327 2470 Ore
353 2441 480 2477 tonans,
507 2439 615 2468 mente
641 2436 746 2468 laetus

716 144 984 181 —114—

889 246 947 278 26.
974 243 1157 284 splendens
1180 250 1309 284 aurora,

975 291 1062 325 Solis
1089 290 1234 332 praevia,

976 340 1041 372 Pro
1067 339 1160 371 nobis
1186 347 1255 379 ora,

975 388 1090 420 Dulcis
1117 387 1236 420 Maria.

893 478 949 509 27.
978 475 1106 508 Iericho
1133 483 1219 514 rosa,

978 524 1091 556 Palma
1117 523 1151 554 in
1177 521 1294 562 Gades,

977 573 1028 604 Tu
1054 572 1209 612 gratiosa,

980 621 1040 654 Cui
1068 620 1128 659 vis,
1156 619 1246 652 ades.

947 734 953 740 .
983 708 1075 741 Caeli
1101 706 1257 747 fenestra,

980 756 1106 790 Inferni
1134 759 1243 787 castra

982 806 1032 838 Da
1060 805 1183 836 evitare

982 854 1113 886 Ducens
1139 853 1182 885 ad
1209 857 1309 887 astra.

983 943 1071 975 Vera
1098 946 1237 983 patrona

983 992 1252 1029 Christianorum,

985 1041 1042 1074 Pia
1068 1047 1216 1073 matrona

982 1091 1223 1130 Desolatorum‚

901 1180 956 1211 30.

985 1177 1073 1210 Audi
1101 1180 1264 1219 canentes,

979 1226 1006 1259 O
1031 1226 1189 1266 piissima,

979 1274 1064 1307 Cura
1090 1275 1292 1316 languentes,

980 1323 1248 1356 Clementissima.

893 1412 950 1445 31.
978 1412 1105 1444 Pestem
1133 1420 1303 1444 removens

977 1459 1103 1493 Praebe
1131 1461 1251 1501 vivere,

977 1509 1053 1540 Post
1081 1509 1179 1540 letum
1208 1507 1321 1542 fovens

976 1557 1106 1589 Summo
1133 1558 1276 1592 aethere.

892 1646 949 1677 32.

977 1646 1103 1677 Aevum
1131 1646 1288 1686 solamen,

977 1694 1080 1725 Tuum
1108 1695 1268 1734 juvamen,

974 1742 1108 1775 Sacrum
1138 1744 1192 1775 det
1217 1743 1345 1789 flamen,

975 1791 1134 1824 Canamus
1162 1795 1279 1826 Amen.

249 1870 333 1897 Cant
367 1878 419 1895 ms.
450 1869 599 1904 Pragense
626 1866 809 1899 (wenceslai
840 1868 876 1896 de
904 1868 1089 1904 Wysk)tna)
1120 1872 1191 1897 anni
1226 1869 1309 1899 1512.
1339 1873 1412 1900 Cod.
1438 1873 1515 1901 Mus.

170 1908 292 1936 B(hem.
316 1908 389 1935 XIII
413 1909 435 1934 Α
459 1906 484 1934 ¹3.
502 1922 537 1925 —
563 1905 606 1938 17
628 1905 645 1933 2
666 1906 797 1934 Vocabis
819 1915 895 1934 eum.
912 1922 948 1926 -
971 1906 1017 1940 25,
1040 1908 1058 1935 4
1081 1910 1147 1936 Non
1169 1916 1362 1946 aquasantur
1378 1910 1477 1945 —3l,
1498 1911 1517 1941 3

622 2021 681 2052 138.
726 2021 766 2052 De
788 2020 885 2054 beata
907 2022 1010 2054 Maria
1034 2024 1069 2053 V.

268 2103 449 2144 vigilanter
477 2103 637 2135 melodum

911 2106 941 2139 3.
971 2105 1193 2138 Castissimam
1220 2107 1383 2140 Assuerus

313 2152 486 2193 Nymphae
511 2152 746 2192 harmonizent‚

264 2201 462 2242 Hymnidice
487 2201 661 2242 phonicum

314 2250 416 2282 Matri
442 2250 651 2288 modulizent,

312 2485 418 2519 Melos
444 2485 621 2520 reboando.

969 2203 1085 2235 Vasthi
1103 2212 1261 2245 spernens
1275 2211 1406 2247 sceptro
1419 2208 1512 2249 regni

1018 2154 1164 2186 Hesther
1190 2155 1372 2199 collocavit,

1018 2252 1093 2284 Iure
1119 2252 1294 2287 trabeavit.

908 2342 940 2373 4.
968 2340 1014 2372 Te
1039 2340 1199 2373 architam
1226 2340 1379 2376 Salomon

1015 2388 1151 2422 Dextris
1177 2390 1323 2436 sociavit,

967 2437 1146 2470 Venustate
1172 2440 1428 2480 praecellentem

1015 2487 1133 2527 Laude,
1153 2488 1337 2525 adornavit.
