1650 2727
709 194 753 199 —
809 175 874 210 111

201 280 208 286 ·
229 298 234 304 .
267 270 275 301 1
295 271 394 304 laniis
419 275 508 303 terra
535 273 654 304 claruit

311 319 536 352 Semi-Martis
561 324 721 364 tempore,

261 370 330 407 (guo
356 368 450 400 theos
475 369 613 401 inseruit

308 416 456 450 Arbores
482 426 553 449 cum
581 418 710 453 arbore.

261 465 384 505 Quibus
410 466 495 498 inest
522 465 581 498 flos
608 468 729 509 suavis,

262 515 403 546 Fructus
431 515 548 556 dulcis,
577 521 713 548 cantans
739 517 808 549 avis

310 564 400 595 Voce
427 563 609 605 salutifera,

206 613 231 644 Τ.
261 613 343 645 Sunt
362 613 424 645 hae
443 613 588 654 plantae,
616 614 723 646 cultor
743 615 807 655 pie,

255 666 344 702 Quae
373 662 559 694 clarescunt
586 663 650 694 ista
682 663 734 695 die

304 711 452 751 Quinque
479 711 559 743 caeli
591 712 713 745 sidera.

200 804 230 832 “.
260 799 285 831 Ο
314 802 493 839 martyrum
521 799 703 832 constantia

259 848 485 889 Constansque
512 848 689 889 patientia!

307 898 357 930 Tu
383 898 464 937 legis
491 898 673 930 liberalitas

308 947 351 979 Et
378 947 483 979 libera
510 947 671 989 legalitas,

262 995 344 1028 Nam
370 996 480 1028 verbis
507 1006 570 1028 11011
595 998 806 1037 perverteris,

262 1044 463 1077 Verberibus
491 1055 554 1077 11011
582 1044 755 1086 frangeris,

309 1094 358 1126 Tu
373 1094 494 1135 passim
511 1103 607 1134 passa
620 1095 806 1135 praedicas,

310 1143 357 1174 Te
384 1142 514 1175 Christo
543 1143 610 1184 regi
636 1143 780 1178 dedicas,

207 1191 228 1224 ”.
257 1191 354 1224 Orbis
381 1196 468 1224 totus
495 1192 689 1231 admiratur,

257 1241 343 1272 Hinc
369 1240 412 1273 ad
440 1240 537 1272 fidem
567 1241 716 1274 elevatur

307 1290 503 1329 Laudesque
531 1290 730 1332 magnificas.

285 1447 331 1479 In
367 1449 399 1482 3.
436 1447 673 1483 Nocturno.

379 1525 581 1562 Antiphonae.

220 1642 226 1648 .
256 1613 337 1646 Sunt
367 1613 527 1647 transfixa
554 1615 673 1657 gladiis

303 1663 451 1704 Corpora
479 1663 584 1704 beata,

253 1712 358 1744 Rosea
385 1713 553 1754 martyriis

301 1762 338 1794 ln
365 1771 441 1794 arce
469 1766 634 1801 coronata,

252 1813 342 1850 Quae
371 1809 526 1843 fruuntur
551 1812 706 1852 praemiis

302 1860 412 1892 Morte
438 1861 501 1893 iam
529 1861 669 1895 sublata.

213 1974 220 1981 .
246 1949 306 1981 Isti
333 1950 485 1991 quinque,
514 1953 561 1982 tot
589 1951 712 1983 talenta

252 1997 465 2039 Duplicantes
491 2009 552 2041 per
577 2004 751 2042 augmenta

298 2047 447 2089 Sapienti
473 2049 594 2092 studio,

250 2097 289 2129 In
315 2099 460 2130 amoenis
487 2099 687 2141 angelorum,

248 2146 372 2187 Quibus
400 2148 505 2188 pollet
532 2158 589 2181 rex
617 2150 777 2190 polorum,

297 2196 381 2230 Vivo
407 2197 581 2239 splendent
612 2199 716 2231 radio.

215 2311 222 2319 .
248 2285 310 2327 Qui
336 2295 398 2327 pro
424 2286 490 2319 fide
517 2288 668 2320 veritatis

248 2334 343 2368 Bella
368 2336 472 2369 mirae
499 2336 675 2377 probitatis

294 2385 338 2418 Et
363 2386 549 2426 squalorem
577 2395 746 2419 carcerum

246 2435 430 2476 cupiendo,
458 2436 632 2477 capiendo,

249 2482 496 2526 supportando,
524 2486 714 2526 superando

298 2534 539 2568 Contrectastis
566 2543 731 2576 asperum,

910 556 940 588 1.

905 989 937 1021 fl>

972 273 1144 314 Aquileiae
1172 273 1326 311 civitatis,

973 322 1100 354 Multae
1126 321 1232 353 locum
1261 320 1446 352 sanctitatis

1021 370 1222 402 Conservate
1250 377 1454 410 prosperum.

1091 486 1302 521 Res-pomaria.

971 555 1182 587 Vinculorum
1210 554 1340 591 unione,

970 604 1089 636 Mortis
1118 612 1245 643 quoque
1274 602 1426 642 passione

1019 653 1121 685 Simul
1149 652 1204 683 isti
1228 651 1394 691 principes

967 702 1089 734 Sociati
1115 707 1190 733 sunt
1218 701 1318 737 beati,

969 751 1195 790 sempiternae
1222 750 1277 790 qui
1303 753 1376 780 suut
1406 749 1472 780 nati

1017 800 1151 832 Gloriae
1179 799 1369 839 participes.

935 879 939 883 .
969 850 1120 891 Collegas
1148 857 1282 889 quorum

1017 898 1115 930 faciat
1145 907 1202 929 nos
1229 902 1338 929 rector
1364 905 1485 928 eorum.

966 987 1059 1019 Ritus
1088 995 1187 1018 vanos
1215 989 1380 1020 exuentes,

967 1036 1078 1068 Mores
1105 1045 1201 1067 sanos
1228 1035 1413 1066 induentes.

1017 1084 1138 1116 (fliristi
1166 1089 1256 1115 veste
1285 1084 1437 1123 praediti.

968 1134 1068 1165 Deum
1097 1143 1207 1165 verum
1237 1142 1431 1163 veneremur

967 1183 1027 1214 His
1055 1188 1083 1213 et
1116 1191 1190 1213 vero
1217 1182 1389 1218 sociemur,

1015 1234 1101 1263 Actu
1128 1231 1181 1271 qui
1210 1236 1282 1262 sunt
1309 1231 1425 1263 incliti.

930 1309 937 1315 .
967 1279 1160 1313 Dii-imorum
1191 1280 1376 1321 dilectores,

966 1331 1132 1362 Idolorum
1160 1329 1371 1360 subversores

1013 1379 1144 1411 Summo
1173 1379 1256 1410 110110
1285 1378 1412 1411 consiti.

965 1467 1126 1499 Sacerdos
1154 1471 1183 1498 et
1213 1464 1374 1508 pontifex,

1013 1517 1111 1549 Cuius
1138 1516 1207 1547 dies
1234 1515 1352 1555 agitur,

963 1566 1012 1598 Tu
1040 1566 1195 1597 virtutum
1223 1564 1355 1596 artifex.

1014 1616 1170 1657 impetra,
1199 1614 1285 1655 quod
1314 1614 1447 1654 petitur.

963 1665 1005 1698 Ut
1034 1674 1092 1696 nos
1120 1670 1229 1697 tecum
1255 1664 1297 1695 ad
1326 1673 1478 1703 superna,

965 1714 1065 1746 Lucet
1093 1713 1147 1745 ubi
1176 1713 1230 1745 lux
1258 1718 1403 1746 aeterna.

1016 1764 1240 1796 Pei-ducamur
1267 1762 1398 1803 gaudia.

910 1815 930 1846 ⁷.
961 1814 1069 1853 Quare
1097 1811 1214 1844 festum
1243 1812 1303 1843 1100
1328 1811 1508 1843 honestum.

961 1863 1041 1895 Tam
1069 1871 1187 1893 suave.
1222 1866 1287 1893 tam
1316 1860 1510 1896 modestum,

1011 1911 1165 1944 Celebrat
1192 1911 1341 1944 ecclesia.

1042 2070 1103 2102 Ad
1146 2069 1326 2101 Laudes.

1084 2147 1286 2184 Antiplioiinc.

923 2265 930 2272 .
959 2239 1077 2272 Pastor
1104 2237 1310 2278 Aquilegiae,

1009 2287 1103 2320 Pacis
1131 2287 1332 2327 patriarcha,

959 2337 1024 2369 Vas
1053 2335 1310 2375 misericordiae,

1009 2386 1146 2418 Pietatis
1174 2394 1262 2418 arca.

960 2435 1063 2468 Nobis
1090 2434 1170 2467 assit
1199 2433 1374 2473 Hellarus,

960 2484 1009 2517 Ne
1035 2493 1094 2517 suo
1120 2493 1179 2516 nos
1206 2486 1352 2515 tartarus

1008 2535 1108 2567 Voret
1137 2542 1208 2565 011111
1237 2530 1425 2563 monarcha.
