1650 2727
677 162 948 200 —121—

232 260 295 302 Qui
304 265 390 305 sunt,
408 271 490 302 quos
498 261 618 294 chorus
627 261 782 295 horridus

287 309 416 351 Pungit.
445 310 557 354 trahit,
587 309 756 342 minatur?

232 358 348 397 Audit,
373 359 463 400 quod
487 358 601 392 horum
621 359 780 392 Dominus

281 406 431 440 Christus
457 408 549 440 lesus
577 412 723 441 vocatur.

162 456 203 490 V.
231 455 295 488 Per
322 456 408 489 hunc
434 457 592 489 virtutum
619 456 763 489 omnium

281 503 354 537 Suis
381 509 527 547 potestas
555 506 662 545 datur,

234 554 297 587 Per
324 554 409 587 huuc
436 559 467 586 et
494 555 620 586 cunctis
647 554 747 587 etiam

280 603 372 636 Mors
400 607 430 635 et
460 604 526 636 vita
555 604 705 637 donatur.

170 702 204 735 3.
230 700 304 742 Hic,
333 706 476 733 maestus
496 701 571 733 dum
589 701 777 742 illacrimat‚

277 749 399 783 Obvius
429 751 494 782 illis
522 749 640 792 factus,

232 798 353 832 Orbum
383 807 418 831 se
445 803 520 832 nato
548 800 695 833 clamitat

277 848 394 881 Cordis
424 848 536 880 dolore
562 853 682 883 tactus,

228 897 391 930 Abundus
418 902 550 929 sanctus
576 897 720 936 flagitat:

277 947 307 979 A
334 956 397 987 quo
423 952 470 978 est
499 947 559 978 tibi
587 946 725 988 raptus?

166 995 205 1028 V.
234 995 298 1027 Hic
324 995 390 1028 leto
417 1000 545 1036 raptum
573 997 718 1036 explicat

279 1045 388 1077 Anxio
414 1044 505 1077 luctu
533 1044 666 1077 fractus.

272 1202 316 1234 In
347 1204 379 1236 2.
408 1201 646 1235 Nocturno.

363 1289 556 1325 Antiphonae

170 1388 201 1422 1.
230 1388 404 1421 Herculem
432 1399 590 1421 summum
617 1390 754 1422 adorate

230 1437 272 1469 Et
300 1438 422 1470 invicto
452 1438 520 1471 Iovi
549 1443 621 1471 tura
651 1439 739 1481 date,

232 1485 313 1521 Nisi.
339 1487 381 1519 ad
403 1490 564 1520 tormenta
591 1491 778 1528 properate.

171 1585 203 1618 2.
231 1583 343 1617 Sancti
369 1590 530 1626 martyres
559 1587 671 1619 dixere

232 1632 276 1666 Et
303 1633 509 1668 Diocletiano
537 1637 757 1677 respondere:

231 1682 278 1714 Te
305 1683 485 1716 confundat
511 1684 596 1717 altus
624 1684 712 1718 Deus

229 1731 275 1764 Et
300 1735 332 1764 te
359 1731 512 1773 profanet
538 1743 620 1766 unus
648 1735 745 1770 Deus.

174 1830 208 1866 3,
238 1830 338 1863 Vobis
365 1832 539 1864 terminum
566 1832 714 1876 praefixi,

229 1879 273 1913 Ut
316 1880 488 1922 deponatis
516 1881 619 1922 legem
648 1881 782 1923 Christi,

229 1929 273 1962 Et
300 1930 432 1964 imolate
460 1931 522 1964 diis
551 1931 647 1974 veris,

232 1978 278 2012 Ut
291 1988 355 2012 non
371 1979 533 2014 deficiatis
547 1981 580 2013 in
591 1981 643 2014 his
654 1981 780 2023 poenis.

357 2098 571 2134 Responsoria.

171 2177 203 2213 1.
231 2176 332 2210 Sacer
359 2179 522 2212 Abundus
551 2180 713 2223 loquitur:

279 2228 315 2260 In
334 2228 466 2262 Christo
493 2229 519 2262 si
546 2239 633 2263 nunc
660 2229 780 2273 credis,

230 2277 350 2310 Anima
377 2282 434 2311 tua
461 2279 656 2322 salvabitur,

278 2326 323 2359 Et
356 2332 466 2360 natum
494 2328 603 2363 vivum
633 2328 780 2363 habebis.

234 2374 326 2409 Tunc
351 2376 544 2411 Marcianus
571 2377 676 2411 utitur

278 2425 457 2460 Humiliter
483 2428 534 2460 his
560 2426 692 2461 verbis:

158 2476 198 2512 V.
225 2475 392 2517 Quidquid
415 2481 460 2520 tu,
480 2482 605 2521 sancte,
634 2477 782 2519 iusseris,

276 2526 420 2568 Implere
450 2537 502 2560 me
529 2526 669 2560 videbis.

877 263 912 296 2.
938 261 1015 297 Fer.
1042 262 1099 294 ille
1125 263 1241 304 inquit,
1268 261 1383 303 filium,

989 311 1087 350 Quem
1115 314 1240 343 tantum
1271 311 1445 353 deflevisti‚

939 359 1076 391 Videbis
1102 359 1301 393 mirabilium

987 408 1150 442 Virtutem
1179 409 1252 441 lesu
1278 409 1412 450 Christi,

938 457 1041 497 Quem
1069 462 1251 489 creatorem
1277 459 1422 491 omnium

989 507 1114 539 Credas
1141 507 1233 538 cordi
1262 516 1326 538 non
1355 507 1453 548 tristi,

869 555 910 589 V.
938 555 1059 587 Verum
1086 555 1148 587 Dei
1173 554 1287 598 filium,

990 605 1034 638 Ut
1062 608 1151 636 recte
1175 604 1395 644 spopondisti,

879 703 911 737 3,
940 701 1013 735 Viri
1040 708 1117 735 tunc
1145 702 1239 734 huius
1267 702 1386 735 nobilis

988 752 1102 784 Cessat
1129 751 1259 783 omnino
1289 751 1397 795 fletus,

937 798 1094 845 Qui[que]
1122 800 1229 833 fuerat
1256 800 1386 843 flebilis,

988 850 1107 891 Incipit
1135 859 1206 882 esse
1234 850 1350 890 laetus,

937 899 981 932 Et
1015 909 1089 933 mox
1119 899 1260 931 Lubram
1290 899 1485 944 ingreditur,

987 948 1141 989 Sequitur
1167 958 1239 980 eum
1267 953 1389 983 coetus,

872 996 909 1031 V.
939 997 1058 1030 Filium
1088 998 1173 1029 tollit
1200 997 1329 1040 umeris,

988 1046 1103 1085 Affert,
1132 1052 1167 1078 ut
1193 1048 1380 1087 suscitetur,

940 1095 1070 1135 Rapido
1098 1105 1194 1128 cursu
1222 1095 1386 1137 graditur,

989 1144 1154 1176 Christum
1182 1149 1215 1177 ut
1244 1144 1400 1178 imitetur.

979 1303 1023 1334 In
1053 1303 1084 1336 3.
1116 1301 1353 1335 Nocturno.

1065 1389 1266 1425 Antiphonae.

882 1489 914 1521 1.
942 1488 1060 1528 Stulte,
1088 1488 1198 1529 miser⁷
1226 1489 1402 1528 insensate,

939 1538 1156 1578 Redemptori
1184 1543 1257 1570 tura
1285 1538 1361 1571 date

938 1587 981 1620 Et
1010 1588 1148 1619 adorate
1176 1588 1365 1620 crucifixum

937 1636 979 1668 Et
1007 1636 1202 1669 Trinitatem
1230 1637 1262 1669 in
1291 1637 1445 1678 idipsum.

878 1737 909 1769 2.
937 1735 1053 1776 Coepit
1080 1735 1261 1775 imperator
1287 1736 1443 1769 altercari

943 1785 985 1818 Et
1013 1790 1144 1816 sanctos
1173 1786 1204 1817 in
1232 1786 1345 1817 eculeo
1372 1787 1476 1819 levari

943 1834 1041 1867 Iussit
1071 1838 1101 1866 et
1130 1835 1239 1874 capita
1267 1835 1424 1868 truncari.

882 1935 914 1968 3.
943 1933 1079 1966 Dumad
1088 1933 1493 1967 necemmitteretinsanus

943 1983 1080 2016 Sanc-tos
1108 1982 1242 2017 Christi,
1272 1982 1462 2016 Marcianus

943 2032 1172 2065 Exclamavit:
1203 2032 1274 2064 Heu
1302 2033 1391 2072 milii,

943 2082 1026 2122 Quia
1053 2086 1163 2114 natum
1191 2082 1321 2114 unicum
1349 2082 1455 2117 amisi.

1063 2200 1275 2235 Responsoria.

885 2281 916 2314 1.
943 2280 1107 2312 Abundus
1135 2284 1218 2318 orat,
1248 2279 1385 2312 suscitat

941 2330 1130 2370 Iohannem,
1160 2328 1214 2369 qui
1243 2329 1433 2368 dormierat,

942 2379 1072 2411 Patrem
1102 2378 1274 2410 confestim
1304 2382 1441 2410 renovat

941 2428 984 2460 Et
1012 2433 1133 2469 natum,
1164 2427 1218 2469 qui
1247 2427 1403 2468 perierat,

942 2477 994 2510 Ex
1022 2476 1122 2518 fonte,
1151 2478 1205 2518 qui
1233 2475 1387 2516 vivificat,

942 2527 980 2559 ln
1007 2532 1145 2559 mortem
1173 2526 1227 2567 qui
1255 2526 1394 2559 abierat.
