1650 2727
701 176 966 213 -178—

156 270 367 308 bibliotheque
378 272 406 301 d·
408 274 578 307 Abbeville,
591 273 711 302 intitule
723 274 825 302 Horae
837 273 962 302 diurnae
973 273 1010 301 de
1022 273 1121 301 Saint-
1111 274 1258 310 -Riquien
1263 270 1277 284 ‘⁴
1310 273 1351 300 In
1362 269 1390 299 2.
1401 271 1430 299 N
1436 273 1505 299 oct.

154 308 224 341 R2.
241 281 373 338 2divqino
386 313 546 348 miraculo·
561 323 601 350 vg
602 314 620 341 l.
635 311 705 342 in3.
717 314 804 341 Noct.
815 311 845 342 R
859 312 884 346 1,
899 311 928 341 6.
941 329 971 333 -
987 311 1054 346 R2,
1067 311 1152 340 7tibi
1163 313 1336 349 quicunque
1347 310 1503 338 defuit.—

153 350 196 377 In
226 347 254 377 3.
279 350 382 380 Noct.
404 351 433 381 R
455 350 488 387 2,
515 351 534 380 8
555 324 716 390 gemitibus
738 356 776 380 te.
799 369 836 373 —
857 333 908 380 A’d
928 353 1065 380 Horas.
1086 351 1132 379 Ad
1153 352 1232 380 Tert.
1254 350 1292 384 A,
1315 350 1329 378 1
1353 350 1442 384 Quia.
1464 363 1502 368 —

154 389 238 417 Alles
270 389 420 420 Fehlende
448 362 612 428 prosaisgch.
660 393 722 420 Der
742 392 954 428 Herausgeber
982 390 1118 419 bemerkt
1145 399 1183 418 zu
1210 390 1323 418 diesem
1345 388 1500 417 Officium:

158 429 224 464 „On
248 429 284 456 lit
305 428 380 458 dans
402 432 556 459 Hariulfe:
579 432 707 459 Albinus
727 429 898 465 (Alcuinus)
917 430 1099 467 antiphonas
1121 438 1240 466 quoque
1261 433 1291 457 et
1311 427 1504 473 respensoria

156 468 206 495 vel
229 467 355 504 hymnos
377 470 412 498 de
434 470 536 498 eodem
555 474 658 498 sancto
674 471 853 507 composuit,
867 473 900 497 ut
914 470 1016 506 magni
1033 470 1128 505 patris
1142 469 1291 496 festivitas
1307 467 1384 495 nihil
1401 468 1500 494 minus

155 508 282 543 congrui
307 507 398 536 officii
420 510 530 537 habere
551 510 697 537 videatur
720 524 753 529 —
774 509 858 536 Nous
880 517 1010 544 pensons
1032 517 1089 544 que
1110 511 1157 536 eet
1179 507 1280 540 office,
1309 503 1445 542 aujourd'
1447 505 1501 532 huj

157 547 320 582 incomplet
346 556 401 583 par
430 547 580 576 labsence
601 549 637 576 de
659 549 787 585 quelque
809 557 901 584 pages
922 551 967 575 est
988 547 1066 575 celui
1087 547 1159 574 dont
1180 547 1263 582 parle
1285 545 1440 579 Hariulfe3
1469 552 1503 571 ce

156 587 207 621 qui
235 585 278 613 lui
306 586 403 615 donne
430 597 470 614 un
497 586 602 615 merite
623 591 689 615 tout
710 586 841 623 speciale
862 587 937 614 dans
958 584 1104 614 l'histoire
1127 586 1163 613 de
1185 586 1284 613 Saiut-
1275 582 1440 620 -Riquier.“
1463 597 1502 602 —

156 624 198 652 Es
235 626 275 652 ist
309 626 385 653 noch
421 627 614 662 beizufhgen,
647 626 712 653 dass
745 626 844 654 Saint-
833 626 972 662 -Riquier
1003 626 1070 652 eine
1101 624 1400 653 Benediktinerabtei
1431 631 1502 655 war,

155 663 297 691 wahrend
319 664 382 691 dies
404 665 542 693 Officium
564 665 611 692 die
634 666 657 692 F
659 674 721 692 orm
743 665 794 692 des
816 665 1165 692 Cistercienserbreviers
1187 664 1334 691 aufweist.

618 856 664 886 73.
708 855 749 886 De
771 856 881 886 sancto
903 855 1031 886 Severo.

298 977 343 1008 In
373 979 403 1011 1.
432 978 654 1017 vesperis,
871 977 904 1008 2.
931 973 1123 1007 Mellifluum
1151 973 1274 1017 florem,

981 1023 1091 1055 divino
1117 1032 1192 1055 rore
1218 1023 1415 1062 madentem,

345 1063 441 1099 Super
462 1063 608 1090 Psalmos.
929 1069 1021 1106 Sicut
1049 1072 1119 1112 apis
1148 1072 1256 1104 studio

981 1120 1098 1163 mellis,
1109 1121 1156 1152 sic
1165 1120 1283 1161 quique
1295 1120 1504 1161 frequentant

932 1169 1086 1202 Severum
1115 1170 1299 1209 praesulem

981 1218 1067 1249 vitae
1096 1218 1290 1250 documenta
1317 1218 1501 1259 docentem,

889 1293 897 1300 .
930 1266 973 1299 Ut
1001 1266 1126 1305 gelidos
1153 1265 1260 1298 fontes

982 1315 1069 1346 cervi
1095 1319 1254 1355 quaerunt
1282 1315 1441 1348 sitientes.

179 1151 220 1183 A.
248 1150 360 1182 Gloria
387 1156 584 1189 sanctorum,

299 1199 796 1241 Deus‚accipevotaprecantum

252 1247 383 1287 Nosque
410 1254 482 1280 tuas
509 1249 624 1280 laudes
858 1266 886 1298 V

300 1296 333 1327 in
360 1295 480 1329 Severo
509 1300 700 1328 venerantes

253 1345 393 1384 Respice
420 1346 569 1385 placatus

302 1398 429 1426 nostros
457 1393 614 1425 solvendo
642 1396 761 1425 reatus.

992 1441 1037 1473 In
1067 1443 1098 1474 2.
1127 1441 1363 1474 Nocturno.

352 1508 397 1535 Ad
418 1507 601 1545 Magnificat.
1072 1508 1285 1544 Responsoria.

179 1587 220 1620 A.
247 1586 494 1626 Magnificemus
520 1588 551 1618 in
580 1587 717 1618 excelsis
872 1582 903 1615 1.
932 1581 1004 1613 Rex
1031 1581 1206 1620 caelorum,
1234 1582 1288 1622 pie
1315 1582 1414 1621 Deus,

301 1634 466 1667 Christum
494 1640 698 1677 venerantes,
931 1629 985 1662 Ad
1013 1634 1044 1660 te
1071 1635 1197 1670 spectat
1226 1631 1296 1662 laus
1322 1631 1422 1675 illius,

253 1684 314 1722 Qui
341 1689 488 1716 sanctum
512 1684 667 1716 Severum
931 1678 980 1710 Tu
1007 1687 1066 1718 per
1093 1687 1163 1710 eum
1191 1679 1285 1712 nobis
1312 1689 1412 1720 parce

302 1733 334 1763 in
362 1734 439 1764 sede
465 1733 586 1764 locavit
611 1732 753 1773 Olympi,
930 1728 980 1759 Ac
1005 1727 1184 1767 redemptis
1211 1729 1376 1763 miserere.

250 1781 408 1820 Angelico
434 1780 554 1813 fruitur
855 1776 895 1808 V.
927 1776 1058 1808 Plasma
1085 1781 1185 1815 tuum,
1214 1775 1355 1818 Christe,

300 1829 793 1870 ibinuncdiademategaudens3
980 1823 1120 1857 defende
1147 1825 1305 1866 benignus
1329 1826 1370 1858 ab
1393 1826 1498 1860 hoste.

255 1878 366 1919 Unde,
394 1883 498 1920 pater,
527 1878 663 1910 humiles

298 1927 379 1959 odas
405 1931 440 1959 m
467 1927 592 1967 respice
620 1930 760 1959 nostras·
869 1904 901 1936 2.
929 1902 1048 1934 Sancte
1066 1901 1196 1944 Severe,
1216 1903 1340 1935 Christi
1354 1905 1499 1945 praesul,

927 1951 1015 1983 Audi
1042 1956 1193 1991 rogantes
1221 1953 1368 1984 servulos

928 2000 971 2032 Et
990 2000 1199 2039 impetratam
1218 2000 1344 2043 (nobis)
1364 2003 1501 2034 caelitus

926 2048 975 2079 Tu
1003 2046 1096 2079 defer
1122 2049 1369 2089 indulgentiam.

292 2092 335 2123 ln
366 2093 395 2125 1.
424 2092 658 2124 Nocturno.
854 2097 894 2129 V.
925 2096 1073 2129 Osancte
1093 2096 1222 2139 Severe,
1243 2099 1334 2131 sidus
1353 2109 1498 2142 aureum,

928 2145 1061 2177 Domini
1071 2147 1175 2186 gratia
1187 2155 1354 2180 servorum
1361 2149 1501 2190 gemitus

367 2179 579 2215 Respousona.
929 2193 1032 2226 Solita
1059 2195 1189 2235 suscipe
1216 2196 1399 2231 clementia.

190 2268 222 2301 1.
249 2268 275 2300 O
302 2267 422 2300 Severe
451 2268 603 2309 gloriose,

251 2316 362 2349 Servis
389 2317 452 2349 tuis
480 2316 716 2359 condescende,
993 2321 1040 2353 In
1067 2323 1100 2355 3.
1129 2321 1366 2358 Nocturno.

250 2364 316 2398 Sub
343 2364 478 2398 obtentu
504 2366 693 2398 meritorum

251 2414 386 2447 Solvens
413 2424 515 2447 nexus
543 2415 747 2447 delictorum.

190 2465 227 2497 V.
256 2464 335 2496 Post
360 2465 447 2497 vitae
472 2473 601 2496 cursum
873 2463 905 2496 1.
931 2463 987 2495 Ad
1015 2463 1100 2495 hunc
1126 2469 1266 2496 montem
1294 2467 1463 2508 suspirare

297 2512 392 2546 trahe
406 2523 464 2546 nos
478 2512 798 2554 adgaudiasursum.
932 2511 1002 2545 Fac
1027 2522 1096 2555 nos,
1124 2518 1219 2554 pater
1245 2516 1460 2561 sanctissime,

1076 2389 1276 2426 Antiphonae.
