1650 2727
206 421 239 454 1.

205 755 237 788 ’ΚΟ

208 1931 239 1962 30

720 166 960 202 -86-

292 263 338 296 In
375 265 408 298 3.
443 264 682 298 Nocturno.

391 341 590 378 Antiphonae.

267 421 392 453 Montis
419 421 480 454 Dei
507 430 636 462 semper
661 425 778 462 optans

315 474 447 502 sanctus
474 470 568 502 heres
593 470 665 502 fieri

267 519 310 551 Et
339 519 489 551 caelestis
515 518 678 551 habitator

315 577 385 600 esse
411 568 614 600 tabernaculi

272 617 364 648 Totis
391 617 474 649 votis
501 616 674 648 affectabat

315 674 467 698 coronam
494 665 652 705 martyrii.

266 754 384 790 Magna
419 754 498 786 satis
524 758 599 785 ante
626 752 727 784 Deum

318 802 484 834 beatorum
512 801 625 842 gloria,

266 851 326 891 Qui
355 855 487 883 coronat
515 851 719 882 decertantes

316 899 404 931 felici
431 899 577 937 victoria,

270 949 377 979 Vitam
405 951 575 988 praestans
601 946 776 985 longiorem

316 1006 374 1036 per
400 1001 532 1028 aeterna
557 995 697 1027 saecula.

269 1086 368 1124 Quam
398 1084 522 1119 beatus,
552 1082 605 1122 qui
631 1081 664 1112 in
692 1090 807 1114 vanum

316 1142 378 1164 non
407 1132 532 1171 accepit
559 1131 710 1169 animam,

266 1182 391 1213 Mundo
419 1181 528 1212 corde.
556 1188 637 1219 pura
665 1188 760 1211 manu

313 1238 446 1261 servans
473 1227 709 1260 innocentiam!

265 1278 327 1309 llic
355 1278 491 1310 salutem
518 1275 678 1308 obtinebit

316 1331 347 1357 et
373 1325 642 1358 misericordiam.

380 1432 590 1468 Responsoria.

231 1527 238 1533 .
266 1500 418 1542 Coniugis
444 1501 587 1532 incestae

318 1551 424 1590 potuit
448 1549 571 1580 nudare
599 1552 706 1580 reatus

271 1597 427 1637 Frigidus
454 1598 484 1629 in
514 1596 602 1628 fonte

319 1646 402 1687 lapis
430 1656 449 1678 a
476 1647 557 1677 duce
575 1644 808 1685 sanctificatus,

263 1695 348 1727 Dum
377 1700 448 1727 cute
476 1695 623 1726 detracta

315 1743 427 1785 digitis
435 1744 521 1775 cadit
529 1743 645 1783 unguis
652 1742 787 1775 abactus
797 1753 805 1782 3

228 1820 234 1826 .
263 1793 434 1825 Terribilis
460 1792 550 1824 Deus
577 1792 629 1823 hic

315 1841 495 1873 districtius
523 1845 570 1872 est
597 1844 761 1880 operatus.

271 1929 367 1961 Miles
396 1929 518 1962 Christi
545 1928 696 1969 gloriose,

314 1977 506 2018 Gengulpbe
533 1977 744 2016 sanctissime,

262 2031 318 2058 tuo
344 2027 399 2066 pio
426 2027 611 2058 interventu

315 2075 435 2116 Culpas
462 2080 590 2107 nostras
617 2073 722 2117 ablue,

228 2152 235 2159 .
264 2129 298 2156 ut
328 2125 477 2156 caelestis
504 2124 595 2164 regni
621 2123 716 2155 sedes

313 2173 485 2205 valeamus
513 2172 682 2205 scandere.

227 2287 234 2295 .
261 2261 288 2294 Ο
315 2271 409 2301 quam
437 2261 518 2292 mira
545 2260 607 2292 Dei

312 2310 418 2350 pietas
444 2309 611 2349 virtusque
637 2307 787 2352 refulget,

264 2358 330 2394 Per
356 2369 449 2401 quem
477 2358 690 2399 Gengulplius

311 2408 475 2449 signorum
502 2407 616 2440 iubare
634 2407 802 2450 splendet;

262 2460 365 2491 Arcet
393 2459 478 2491 enim
506 2456 625 2496 febres,

310 2508 455 2549 requiem
492 2506 549 2539 dat
575 2505 803 2548 daemoniosis,

969 266 1150 308 Praecipue
1176 265 1243 305 piat
1266 264 1335 302 lios,

1016 324 1096 355 quos
1122 312 1259 355 pestifer
1281 312 1385 344 inficit
1410 311 1513 354 ignis;

894 361 936 397 V.
965 363 1121 396 Omnibus
1146 366 1279 403 optatae

905 1036 923 1067 [Ο

1019 412 1118 445 donat
1144 412 1200 454 pia
1226 414 1301 443 vota
1327 409 1442 442 salutis

1028 558 1040 590 1
1053 568 1072 591 n
1109 559 1135 591 L
1145 568 1165 591 a.
1177 568 1198 590 u
1209 558 1229 590 d
1239 557 1250 588 i
1260 557 1280 588 b
1290 567 1310 589 u
1321 566 1347 589 s.

1092 625 1291 662 Antiphonae.

932 733 939 739 .
967 704 1171 745 Triumphali
1197 703 1260 736 fine
1287 706 1420 735 sanctus

1015 754 1193 785 translatus
1219 752 1261 784 ad
1288 751 1432 791 aethera,

968 801 1059 834 Sicut
1085 801 1201 833 crebra
1227 801 1429 832 incessanter

1015 853 1238 890 protestantur
1263 857 1374 889 opera,

968 898 1075 931 Claris
1103 898 1202 938 signis
1226 898 1411 929 illustratur

1016 951 1089 986 post
1116 947 1211 978 beata
1237 945 1363 979 funera.

931 1058 938 1065 .
965 1034 1050 1066 Dum
1071 1034 1238 1066 Gerardus
1267 1032 1398 1072 praesul
1417 1041 1514 1064 sacra

1015 1082 1144 1114 Tullum
1173 1080 1279 1114 defert
1307 1081 1455 1121 pignora,

967 1130 1095 1171 Fragor
1121 1131 1210 1162 venti
1237 1134 1288 1162 ter
1314 1129 1453 1161 extinxit

1017 1188 1110 1212 cerae
1137 1179 1321 1220 luminaria,

968 1228 1032 1260 Sed
1061 1228 1142 1260 baec
1168 1228 1257 1260 Deus
1284 1227 1450 1268 reparavit

1015 1282 1152 1318 propter
1178 1276 1283 1308 sancti
1309 1276 1438 1308 merita.

964 1364 1085 1397 Caecus
1092 1365 1229 1404 supplex
1240 1359 1319 1407 [est]
1327 1365 1514 1403 prostratus

1016 1413 1049 1444 in
1076 1413 1172 1445 beato
1198 1412 1310 1444 limine

967 1461 1010 1493 Et
1042 1466 1115 1501 post
1143 1461 1307 1494 Christum
1335 1460 1486 1492 invocato

1015 1511 1120 1542 sancti
1146 1510 1209 1542 viri
1235 1508 1364 1540 nomine

967 1558 1162 1598 Sospitatem
1191 1563 1239 1590 est
1265 1558 1404 1598 adeptus

1015 1612 1168 1646 reparato
1196 1607 1327 1639 lumine.

965 1696 1088 1735 Captus
1115 1695 1245 1736 quidam
1275 1695 1325 1726 vir
1350 1694 1494 1726 evadens

1012 1745 1168 1785 templum
1195 1744 1300 1776 sancti
1325 1742 1435 1781 subiit,

967 1797 1066 1832 Quem
1086 1802 1260 1834 perversae
1279 1791 1396 1824 mentis
1413 1791 1513 1824 homo

1016 1845 1109 1874 extra
1135 1842 1292 1882 templum
1319 1841 1476 1882 reppulit,

966 1890 1062 1923 Unde
1089 1900 1163 1923 reus
1189 1900 1263 1922 mox
1288 1900 1306 1922 a
1332 1895 1422 1922 terra

1015 1938 1188 1980 absorptus
1213 1939 1348 1972 interiit.

933 2051 940 2058 .
968 2027 1037 2058 Iam
1065 2032 1199 2059 veterno
1225 2027 1320 2067 lapsu
1345 2027 1495 2067 pendens

1014 2077 1129 2108 ruebat
1156 2076 1308 2116 maceria,

964 2125 1064 2164 Quam
1092 2126 1139 2157 sic
1163 2134 1299 2165 pronam
1327 2125 1383 2157 diu
1409 2124 1483 2157 fixit

1014 2172 1074 2205 viri
1103 2175 1164 2206 Dei
1191 2174 1307 2214 gratia,

966 2221 1079 2254 Donec
1105 2222 1212 2263 plebis
1239 2222 1451 2263 procedentis

1012 2272 1251 2311 pertransirent
1277 2272 1408 2313 agmina

997 2378 1059 2410 Ad
1095 2379 1379 2412 Benedictus.

963 2456 1047 2498 Tua,
1075 2457 1215 2500 Christe,
1242 2462 1318 2490 sunt
1344 2457 1467 2500 ubique

1009 2505 1176 2539 laudanda
1202 2507 1373 2548 miracula,
