1650 2727
152 251 184 284 2.
213 249 332 282 Omnes
358 249 475 283 Cretae
500 249 625 294 populi,

259 298 390 332 Christo
415 298 561 339 iubilate,

210 347 276 379 Titi
303 357 388 380 nunc
413 348 553 389 apostoli

260 396 390 429 Laudes
418 398 554 430 elevate.

151 485 184 517 3.
211 483 328 516 Sancta
355 485 460 524 patris
485 485 593 517 anima

260 533 420 574 Repletur
445 533 651 574 pinguedine,

208 582 272 615 Cor
298 582 366 613 eius
393 586 425 613 et
450 581 538 614 labia

259 630 386 664 Cantici
415 630 599 662 dulcedine.

150 718 182 749 4.
214 717 415 749 Benedicant
440 717 582 749 omnium

260 766 340 806 Regi
368 775 476 807 regum
505 775 615 807 opera,

215 815 275 854 Qui
302 814 409 846 Titum
437 815 619 853 apostolum

261 863 462 895 Transduxit
488 863 529 894 ad
557 862 702 895 aethera.

157 953 189 983 5.
217 949 255 981 In
283 950 420 981 excelsis
447 949 620 982 Dominum

264 997 406 1029 Vocibus
434 998 575 1034 laudate,

214 1046 322 1078 Titum
349 1047 406 1078 sed
434 1047 616 1087 apostolum

262 1095 343 1127 Eius
369 1095 515 1129 adorate.

334 1239 414 1272 Per
440 1239 591 1273 Horas,

359 1316 405 1342 Ad
426 1316 566 1343 Primam.

145 1416 186 1448 A.
215 1413 303 1446 Sicut
331 1422 386 1445 vas
413 1413 580 1445 electionis

265 1463 401 1495 Sanctus
429 1462 570 1501 eligitur,

777 151 846 188 190
895 169 944 176 —

915 251 1027 292 Capax
1053 249 1292 283 benedictionis

963 299 1081 333 Cretae
1108 299 1270 340 dirigitur.

1053 454 1100 482 Ad
1120 453 1264 482 Tertiam.

841 546 882 577 A.
908 543 1060 576 Exsultet
1086 541 1226 575 mundus
1253 541 1350 574 hodie

963 593 1148 625 Renovatus
1173 590 1310 629 laetitia,

914 641 1000 673 Dum
1026 640 1119 672 Titus
1143 639 1234 671 urbis
1261 639 1411 672 Creticae

969 689 1065 723 Celsa
1091 687 1232 728 refulget
1259 687 1372 728 gloria.

1063 841 1107 869 Ad
1129 842 1260 870 Sextam.

844 932 885 964 A.
912 929 1013 962 Souet
1037 939 1101 961 vox
1127 929 1238 970 gaudii

969 979 1054 1011 Voce
1080 978 1237 1010 iustorum

918 1027 1054 1067 Voxque
1079 1026 1226 1068 tripudii,

966 1075 1053 1108 Laus
1080 1074 1230 1108 filiorum.

1068 1228 1113 1256 Ad
1135 1228 1263 1256 Nonam.

843 1318 885 1351 A.
913 1316 1007 1349 Facti
1033 1317 1117 1349 sicut
1141 1317 1310 1359 consolati,

920 1367 1039 1398 Sancto
1066 1374 1203 1406 corpore
1232 1366 1328 1399 ditati

917 1414 1092 1446 Laetemur
1118 1415 1151 1446 in
1179 1414 1317 1447 Domino

917 1462 1014 1495 Dulci
1039 1463 1127 1495 vocis
1152 1462 1266 1497 iubilo.

221 1540 304 1566 Brev.
334 1547 387 1565 ms.
417 1539 602 1567 civitatense
629 1547 706 1566 saec.
736 1537 779 1567 15.
809 1539 880 1567 cod.
908 1539 1046 1574 Archiep.
1076 1541 1198 1568 Utinen.
1227 1539 1291 1567 Oct.
1322 1538 1366 1567 10.
1394 1542 1430 1569 A.
1452 1555 1489 1558 —

143 1578 266 1614 Antiph.
288 1587 341 1605 ms.
365 1577 548 1605 Civitatense
570 1587 647 1605 saec.
672 1577 716 1605 14.
739 1578 812 1605 Cod.
835 1579 995 1606 Civitaten.
1020 1579 1114 1606 LVII.
1136 1578 1203 1606 add.
1225 1587 1303 1606 saec.
1327 1577 1372 1606 15.
1394 1580 1430 1607 B.
1450 1595 1489 1599 —

143 1617 231 1644 Brcv.
252 1626 306 1645 ms.
329 1616 515 1644 civitatense
537 1618 608 1644 anni
632 1616 716 1644 1476.
738 1616 810 1644 Cod.
833 1618 995 1645 civitaten.
1019 1617 1148 1645 LXXIV
1168 1615 1237 1651 (28).
1258 1618 1292 1646 C.
1312 1632 1352 1636 —
1366 1618 1490 1654 Antiph.

144 1665 198 1683 ms.
222 1656 408 1683 civitatense
430 1664 506 1683 saec.
533 1655 577 1683 15.
600 1655 671 1682 cod.
695 1657 857 1684 Civitaten.
880 1656 1021 1685 XXXIX.
1046 1657 1082 1684 D.
1105 1672 1141 1675 —
1158 1657 1281 1693 Antiph.
1304 1665 1359 1684 ms.
1377 1659 1490 1686 Civita-

143 1699 228 1722 tense
256 1704 332 1722 saec.
363 1693 406 1721 15.
435 1695 506 1723 Cod.
540 1695 700 1722 Civitaten.
722 1695 831 1723 XLIV.
856 1696 892 1724 E.
914 1711 951 1715 —
973 1697 1015 1723 In
1046 1695 1070 1723 1.
1093 1697 1197 1724 Noct.
1219 1696 1245 1724 A
1267 1695 1298 1729 2,
1328 1694 1346 1723 2
1367 1696 1491 1733 Semper

143 1734 193 1761 hic
213 1743 280 1761 cum
302 1734 408 1761 decore
431 1735 463 1761 A.
486 1748 523 1752 —
544 1735 587 1761 ln
610 1731 636 1761 2.
659 1735 762 1762 Noct.
783 1732 813 1762 R
834 1733 852 1762 3
874 1735 1039 1771 prosaisch.
1064 1749 1102 1754 —
1124 1736 1164 1763 In
1186 1733 1212 1762 3.
1235 1737 1339 1763 Noct.
1356 1736 1490 1764 Ebenso.

141 1789 179 1793 -
210 1772 263 1801 AA
295 1773 333 1800 ad
369 1774 478 1801 Bened.
511 1773 571 1800 und
603 1772 640 1800 ad
667 1774 768 1810 Magn.
802 1774 834 1800 in

867 1772 893 1801 7.

924 1774 1014 1810 Vesp.
1052 1773 1215 1810 prosaisch.
1270 1775 1329 1803 Die
1355 1775 1410 1804 ΑΛ
1438 1784 1492 1811 per

144 1813 244 1840 Horas
266 1812 365 1840 fehlen
384 1813 444 1840 AC.
466 1827 503 1831 —-
524 1813 582 1839 Die
605 1812 746 1847 Hymnen
768 1811 871 1840 hierzu
893 1813 980 1840 Anal.
1003 1813 1115 1847 XLIII,
1137 1811 1194 1841 295
1216 1823 1260 1850 sq.

521 1995 566 2026 78.
610 1994 651 2025 De
673 2003 698 2026 s.
722 1994 857 2027 Valeria
878 1994 1105 2027 Lemovicensi.

284 2118 328 2149 In
360 2116 390 2149 1.
419 2116 642 2156 Vesperis.

336 2177 383 2205 Ad
402 2177 587 2215 Magnifica't.

145 2245 188 2278 A.
215 2243 354 2284 Magnus
369 2251 413 2283 es,
434 2252 492 2275 rex
507 2243 647 2284 Christe,
667 2251 784 2284 sponse

264 2292 415 2324 Valeriae
442 2292 589 2334 virginis,

219 2342 319 2381 Quam
348 2340 495 2374 illustras
522 2345 553 2372 et
581 2341 634 2373 hic
660 2341 761 2382 signis

268 2394 298 2422 et
325 2391 357 2423 in
386 2391 476 2422 caelo
503 2390 668 2430 praemiis,

218 2439 318 2472 Sonet
341 2438 413 2480 tibi,
439 2443 534 2472 sonet
558 2439 608 2472 illi

265 2490 335 2522 laus
361 2492 394 2520 et
419 2489 523 2522 honor
549 2487 698 2522 celebris.

986 2117 1048 2151 Ad
1075 2118 1350 2151 Matutinum.

1055 2224 1276 2252 Invitatorium.

921 2340 1098 2384 Virginalis
1125 2342 1254 2383 palmae
1281 2343 1448 2378 Christum

970 2391 1144 2424 adoremus
1168 2393 1349 2435 praevium,

922 2441 986 2473 Pro
1013 2449 1077 2481 quo
1102 2449 1197 2474 caesa
1222 2442 1357 2476 Valeria

971 2489 1060 2522 vexit
1087 2494 1186 2531 caput
1210 2491 1394 2532 proprium.
