1650 2727
692 153 738 160 —-
791 133 958 171 139—

156 229 190 264 5.
217 224 344 263 Nomen
371 229 447 263 Iesu
471 231 660 275 gloriosum,

218 277 364 310 Verbum
389 277 452 311 Dei
478 289 672 320 generosum

266 327 305 360 In
331 328 509 368 saeculum,

217 374 317 408 Cuius
344 386 457 410 amara
483 378 593 418 passio

214 423 279 457 Est
303 426 393 458 mitis
425 427 615 462 consolatio.

154 494 187 528 6.
216 489 348 527 Nostris
376 493 429 533 da,
457 498 555 535 pater
583 495 752 536 luminum,

217 542 330 583 Culpis
359 542 429 576 fore
456 544 635 585 propitium

265 594 375 632 Atque
400 592 502 632 pium,

215 640 266 672 Ne
290 644 415 674 terreat
440 640 649 681 supplicium,

214 689 298 722 De1e
324 691 493 730 peccantis
520 690 645 723 vitium.

870 235 902 268 7.
929 231 1050 268 Emisti
1077 237 1132 266 tuo
1158 235 1314 276 sanguine

929 284 958 315 A
987 282 1096 323 Stygis
1124 293 1182 315 nos
1209 285 1362 325 voragine

976 331 1022 364 Et
1046 331 1190 372 scelere3

928 380 1048 412 Matris
1074 380 1149 421 piae
1177 381 1358 414 hortamine

928 427 1079 460 Flentem
1107 434 1256 461 naturam
1283 431 1419 471 respice.

864 496 895 529 8.
923 493 1045 530 Sancto
1072 496 1115 528 sit
1139 497 1210 529 laus
1238 498 1409 540 paraclito,

927 545 1006 577 Cum
1034 548 1131 586 patre
1159 545 1254 578 simul
1283 546 1349 578 filio

974 594 1058 626 Prae
1087 593 1228 635 gaudi03

928 641 1060 683 Septem
1091 643 1175 675 dona
1203 643 1338 683 spiritus

926 690 1031 723 Nobis
1059 691 1166 724 redde
1194 692 1361 723 divinitus.

218 757 293 785 Piae
316 757 481 785 Cantiones
506 754 581 785 1582
602 757 652 785 fol.
676 757 701 785 G
721 756 741 785 4
761 766 788 785 a.
809 757 994 794 (Klemming
1014 758 1061 790 11,
1085 756 1121 784 81
1145 759 1189 785 als
1214 757 1444 792 „Hymnus“.)
1464 774 1499 778 —

141 793 168 830 5,
190 795 208 824 2
223 796 264 824 Et
285 797 418 824 verbum.
444 812 478 815 —
503 795 529 827 7,
552 794 571 824 4
586 797 687 824 Patris
710 797 754 833 pii
767 797 946 827 hortamine,
970 797 1261 832 augenscheinliche
1287 798 1501 833 ungeschickte

138 836 312 873 Anderung.
356 837 417 864 Der
446 837 539 863 Vater
569 835 707 864 ermahnt
735 836 819 864 nicht
847 836 904 864 den
932 836 1048 864 Mittler
1076 845 1141 864 zum
1172 836 1344 866 Mitlciden,
1373 837 1499 864 sondern

138 876 328 913 umgekehrt.
351 891 387 894 —
411 875 629 903 Akrostichon:
654 876 667 902 1
676 885 692 903 o
702 875 721 903 h
731 884 748 904 a
758 885 777 902 n
786 885 805 903 n
815 884 860 904 es.

587 951 648 982 174.
691 951 734 983 Dc
755 951 906 984 Passione
928 952 1061 983 Domini.

151 1025 183 1059 1.
210 1024 341 1058 Amoris
368 1024 570 1065 opulentiam

213 1073 362 1106 Christus
388 1077 492 1106 morte
519 1077 672 1114 testatur,

211 1123 265 1155 Ad
293 1132 404 1155 veram
431 1123 668 1163 paenitentiam

212 1172 295 1204 Suos
320 1181 451 1214 semper
478 1171 645 1204 hortatur:

211 1221 381 1262 Expulsus
408 1231 478 1252 sum
506 1222 547 1254 ab
576 1220 726 1253 omnibus

210 1270 255 1303 Et
281 1271 374 1302 exsul
403 1279 475 1303 cum
501 1270 680 1311 exsulibus,

211 1320 376 1352 Maestum
406 1320 446 1351 de
475 1320 542 1352 suis
571 1319 720 1351 domibus

208 1369 391 1409 Expellunt
418 1378 468 1400 me
497 1378 571 1401 cum
599 1369 755 1409 canibus3

210 1419 345 1454 Audite,
374 1419 460 1459 quod
491 1418 695 1459 rependitur,

212 1467 387 1502 Caeiorum
414 1477 473 1500 rex
500 1467 688 1500 offenditur.

153 1537 186 1570 2.
215 1536 362 1570 Remotis
388 1537 468 1568 meis
495 1536 641 1568 vestibus

216 1586 290 1619 Sum
320 1584 452 1618 funibus
479 1586 610 1627 ligatus,

212 1635 338 1668 Iniuste
365 1637 470 1668 victus
497 1635 648 1677 testibus,

213 1684 371 1726 Flagellis
399 1683 602 1726 flagellatus3

213 1735 346 1767 Amoris
372 1734 580 1776 passionibus

212 1784 386 1816 Iunctnras
414 1783 653 1824 dissolvebant,

214 1832 378 1875 Gingivae
405 1834 610 1866 tunsionibus

214 1882 292 1916 Oris
319 1882 590 1923 intumescebant,

214 1932 428 1973 Rumpuntur
456 1942 559 1965 venae
586 1930 741 1974 tactibus,

217 1982 371 2015 Assiduis
397 1982 594 2016 incursibus.

154 2052 187 2086 3.
214 2051 333 2093 Alapis
361 2060 456 2084 caesa
485 2052 607 2084 centies

212 2101 274 2135 Est
302 2102 492 2135 veneranda
516 2099 628 2137 facies.

214 2151 413 2193 coagulatus
440 2151 612 2192 quinquies

213 2201 354 2242 Sanguis
383 2199 546 2234 deformat
573 2200 712 2241 species,

211 2250 405 2283 Intituiatnr
431 2250 543 2291 passio

212 2299 357 2333 Honoris
384 2299 554 2341 exhibitio,

211 2351 347 2390 Angore
375 2358 431 2382 cor
456 2347 613 2389 inficitur,

213 2398 310 2432 Cruci
338 2407 462 2440 corpus
488 2396 647 2440 affigitur,

215 2447 322 2481 Pedes
350 2445 494 2488 perfossi
520 2446 670 2489 pondera

212 2499 392 2532 portarunt
417 2495 602 2530 salutifera.

862 1026 895 1058 4.
925 1024 1025 1056 Latus
1053 1024 1140 1056 ferro
1168 1024 1384 1064 transfigitur,

923 1073 1034 1113 Spinis
1062 1078 1201 1113 punctus
1229 1074 1386 1113 arguitur,

922 1122 1070 1155 Extensa
1098 1123 1243 1154 membra
1272 1127 1386 1154 tenera

922 1172 1083 1205 Pendent,
1115 1172 1238 1203 nudata
1266 1172 1411 1208 visvera:

921 1220 1068 1252 Naturae
1096 1221 1178 1252 solvi
1207 1220 1352 1252 debitum

922 1270 1011 1302 Patri
1042 1270 1273 1301 commendans
1302 1270 1467 1310 spiritum.

923 1319 1079 1358 Attende‚
1107 1320 1234 1359 qualem
1262 1320 1384 1350 exitum

922 1368 1001 1400 Sum
1029 1377 1144 1408 passus
1170 1373 1201 1400 et
1228 1369 1410 1404 interitum,

923 1417 1079 1449 Discurre
1107 1418 1250 1457 probans
1280 1417 1398 1456 omnia,

923 1466 1017 1506 Quod
1045 1475 1140 1498 nemo
1168 1471 1261 1498 curat
1288 1467 1381 1498 talia.

888 1561 896 1570 .
924 1536 950 1568 Ο
978 1536 1084 1577 qualis
1112 1535 1296 1577 retributio,

925 1585 1090 1618 Contrarii
1118 1585 1315 1625 commissio,

924 1635 1143 1676 Magistratus
1171 1634 1341 1676 despectio

926 1684 992 1716 Pro
1019 1684 1167 1716 caritatis
1195 1683 1323 1715 studio!

926 1733 1047 1766 Infeiix
1075 1734 1150 1765 finis
1177 1734 1303 1771 talium,

925 1784 1072 1816 Aeterna
1100 1792 1187 1814 mors
1215 1782 1427 1823 stipendium,

926 1832 1110 1865 Nautarum
1139 1832 1334 1864 exclamatio

927 1881 1004 1914 Sum
1034 1890 1164 1923 semper
1188 1884 1218 1912 et
1246 1880 1409 1922 probatio,

928 1931 973 1965 Ut
1001 1931 1139 1964 Samson
1168 1930 1264 1963 fortis
1293 1930 1417 1962 viribus

928 1981 994 2014 Oro
1021 1990 1082 2021 pro
1108 1979 1348 2020 peccatoribus.

892 2077 900 2084 .
930 2049 1046 2083 Suavis
1074 2050 1174 2087 Deus,
1201 2049 1341 2081 omnium

924 2100 1086 2133 Miserere
1115 2099 1331 2141 peccantium,

927 2150 1025 2182 Tales
1052 2158 1180 2182 vermes
1207 2148 1358 2180 occidere

927 2199 1012 2240 Quid
1040 2199 1101 2230 tibi
1127 2208 1188 2239 pro
1216 2198 1276 2230 hoc
1304 2196 1457 2237 gloriae?

928 2248 987 2282 Eis
1013 2248 1118 2289 magis
1145 2252 1344 2287 compatet-(¹,

929 2297 989 2336 Tu,
1018 2303 1115 2339 pater
1141 2297 1247 2328 omnis
1274 2297 1413 2337 gratiae,

930 2346 1131 2380 Convertere
1156 2345 1335 2380 laudabilis

927 2396 972 2430 Et
997 2399 1067 2428 esto
1097 2395 1327 2435 deprecabilis.

928 2445 994 2478 Ubi
1023 2444 1269 2478 misericordiae

929 2493 1070 2528 Davidis
1096 2495 1129 2526 in
1156 2492 1339 2534 progenie?
