1650 2727
722 144 958 180 -36-

644 273 673 304 13
727 271 768 302 De
790 270 902 302 saneta
922 270 1039 301 Aurea.

311 365 356 398 ln
387 367 417 399 1.
446 364 665 405 vesperis.

363 432 408 459 Ad
429 432 611 467 Magnificat.

194 502 235 535 A.
266 502 352 534 Rosa
379 501 497 533 rubens

316 554 345 581 et
373 549 515 582 candens
545 549 646 580 lilium

268 599 304 630 In
332 598 426 630 beata

317 646 476 687 refulgent
505 649 623 678 Aurea.

267 696 349 728 Dum
378 696 503 735 insigne

318 745 407 783 virgo
433 744 627 783 martyrium

269 792 453 825 Celebravit

314 841 345 872 in
374 850 470 873 carne
497 841 599 872 nivea.

309 947 367 980 Ad
397 948 665 979 Matutinum.

381 1009 600 1035 Invitatorium.

266 1079 319 1111 Ad
347 1078 444 1108 docus
472 1077 612 1116 Domini,

316 1126 422 1160 Prolis
451 1126 623 1165 virgineae.

266 1176 353 1207 Laus
381 1180 491 1206 nostra
519 1174 634 1214 virgini

317 1223 443 1255 Serviat
472 1226 609 1254 Aureae.

308 1331 352 1363 In
384 1331 413 1362 1.
442 1329 668 1362 Noc-turno.

368 1392 610 1428 Responsorium.

233 1486 240 1494 .
268 1461 352 1493 Tibi.
383 1461 525 1501 Christo,

320 1509 413 1541 dulce
440 1509 604 1550 solacium,

267 1559 325 1598 Qui
354 1567 403 1589 me
431 1558 570 1589 clausam

313 1615 372 1648 per
399 1606 480 1638 caeli
507 1606 652 1638 nuntium

266 1656 318 1688 Ad
347 1660 511 1687 aeternum

315 1704 433 1736 invitas
460 1704 610 1743 gaudium

316 1752 458 1784 Exsolvo
485 1754 617 1789 gratias.

229 1825 237 1834 .
265 1801 313 1833 Tu
339 1801 393 1832 lux
421 1800 498 1832 mihi

317 1850 492 1889 splendens
519 1849 667 1886 irradias,

267 1898 314 1930 Tu
342 1898 479 1930 ieiunam

314 1952 345 1978 te
372 1947 442 1988 ipso
468 1947 579 1980 satias.

306 2055 349 2086 In
380 2055 412 2089 2.
440 2053 676 2087 Nocturno.

370 2122 611 2157 Respousorium.

207 2196 237 2224 ¹.
267 2191 398 2223 Nullum
423 2199 545 2231 pavens

313 2239 403 2280 virgo
430 2239 626 2279 supplicium

265 2289 363 2321 Torta
391 2294 517 2329 torquet

313 2341 423 2371 Aurea
449 2337 632 2379 Claudium,

268 2387 384 2420 Vincta
411 2386 538 2418 demum

314 2435 400 2469 subit
427 2435 574 2468 exsilium

313 2485 464 2518 Tendens
490 2485 531 2517 ad
558 2484 708 2526 patriam.

898 361 937 393 V.

907 799 938 832 3.

963 359 1065 392 Exsul
1092 368 1170 400 ergo

1017 407 1120 440 fertur
1146 408 1179 439 in
1205 406 1341 442 Ostiam,

968 456 1031 490 Ubi
1059 455 1189 489 Christo

1016 515 1050 537 se
1076 502 1152 536 fecit
1180 503 1328 536 hostium.

1007 642 1051 673 In
1079 641 1111 674 3.
1141 640 1377 672 Nocturno.

1075 716 1318 752 Responsorium.

968 797 1075 829 Vanas
1101 803 1258 836 spernens

1017 846 1107 885 virgo
1135 844 1268 876 delicias

968 893 1010 924 Et
1036 893 1156 934 suscipi

1015 942 1056 974 ad
1084 941 1158 981 agni
1186 941 1316 980 nuptias

969 990 1171 1031 Praeparata

1016 1048 1075 1079 per
1101 1047 1222 1078 poenas
1249 1038 1356 1069 varias

1018 1088 1121 1120 Intrat
1148 1088 1181 1119 in
1207 1086 1362 1127 gloriam:

965 1136 1018 1168 Ad
1046 1136 1133 1168 beati

1017 1185 1127 1226 sponsi
1154 1184 1372 1225 praesentiam

968 1233 1101 1266 Transit
1127 1242 1248 1274 sponsa

1017 1292 1076 1324 per
1102 1291 1218 1322 aquam
1246 1282 1389 1315 nimiam.

1038 1410 1081 1442 In
1109 1408 1347 1441 Laudibus.

1090 1485 1291 1521 Antiphonae.

932 1593 939 1600 .
966 1566 996 1597 A
1024 1566 1126 1597 Roma
1153 1566 1282 1596 missam
1311 1565 1402 1598 Ostia

1016 1613 1168 1646 Sanctam
1195 1614 1340 1654 suscepit
1358 1615 1514 1654 Auream,

968 1662 1104 1694 Remisit
1133 1672 1202 1695 cum
1232 1663 1369 1695 victoria

1015 1711 1070 1745 Ad
1098 1713 1238 1752 patriam
1265 1712 1437 1744 sideream.

933 1836 939 1843 .
968 1809 1048 1842 Cum
1083 1810 1206 1841 sanctis
1233 1809 1356 1842 Christi
1380 1809 1512 1843 famulis

1017 1857 1164 1889 Instabat
1191 1858 1254 1898 piis
1281 1858 1421 1902 actibus,

967 1907 1112 1947 Agonem
1140 1916 1231 1939 suum
1259 1907 1382 1940 sedulis

1017 1955 1146 1988 Christo
1161 1958 1390 1989 commendans
1405 1958 1513 1998 preci-

1279 2005 1350 2038 bus.

931 2117 939 2125 .
967 2091 1156 2134 Tormenta,
1184 2093 1308 2133 plagas,
1339 2094 1478 2135 vincula,

1016 2141 1102 2173 Dum
1129 2139 1206 2174 forti
1233 2140 1298 2174 fide
1325 2143 1454 2187 tolerat,

967 2190 1095 2222 Invicta
1121 2190 1244 2223 Christi
1271 2189 1395 2225 famula

1016 2238 1187 2271 Ministros
1213 2239 1314 2272 Satan
1341 2246 1487 2282 superat.

933 2361 940 2370 .
969 2336 1046 2369 Post
1073 2336 1244 2377 multiplex
1271 2340 1465 2378 martyrium
1490 2353 1498 2356 ·

1015 2385 1054 2417 In
1081 2394 1170 2417 mare
1196 2385 1287 2427 virgo
1314 2389 1482 2429 mergitur,

967 2436 1131 2467 Aeternae
1157 2435 1244 2467 vitae
1271 2435 1420 2469 bravium

1015 2482 1070 2516 Sic
1095 2483 1238 2516 moriens
1264 2485 1461 2526 assequitur,
