1650 2727
210 223 246 256 2.
272 220 388 254 Timor
413 223 462 254 est
488 221 618 254 initium

322 270 436 304 Omnis
461 270 657 312 sapientiae,

272 318 386 352 Timor
411 317 504 360 fugat
530 319 646 352 vitium

322 368 406 400 Vilis
432 368 649 410 ignorantiae,

275 416 388 450 Timor
415 417 473 450 dat
499 415 667 457 fastigium

324 465 446 506 Regiae
472 465 654 506 potentiae,

277 515 392 548 Timor
417 518 467 546 est
493 514 663 547 humilium

327 563 461 604 Clipeus
488 564 521 595 in
548 563 631 596 acie.

238 689 245 696 .
273 660 360 700 Quid
390 665 486 694 nocet
512 661 547 693 id
574 660 726 700 perdere,

326 710 419 751 Quod
446 714 512 742 tam
541 710 606 742 cito
632 709 758 752 redeat,

276 759 441 799 Quidnam
469 763 574 791 cutem
602 759 757 800 vendere,

325 809 407 842 Cum
435 809 500 842 cito
527 806 692 851 refloreat,

278 858 341 891 Pro
369 862 443 890 cute
469 858 630 900 recipere,

323 908 416 947 Quod
444 907 520 948 plus
548 916 628 940 auro
654 906 790 939 valeat?

275 956 375 996 Ergo,
405 955 520 997 frater,
547 960 676 998 patere,

325 1005 419 1045 Quod
448 1009 480 1038 te
507 1006 606 1037 timor
633 1008 756 1037 arceat.

242 1131 249 1138 .
278 1103 397 1137 Dulcia
423 1113 487 1135 non
514 1102 673 1145 meminit,

325 1153 386 1194 Qui
411 1162 475 1184 non
502 1155 612 1194 gustat
637 1152 756 1191 tristia,

278 1202 358 1243 Mel,
385 1206 421 1233 ut
448 1201 542 1234 Plato
571 1201 701 1241 cecinit,

327 1251 420 1291 Sapit
446 1255 522 1291 post
549 1249 724 1292 absinthia,

846 122 915 158 169
967 143 1014 148 -

982 222 1068 254 Nam
1093 223 1283 256 Matthaeus
1309 225 1449 256 concinit

1034 271 1125 303 Inter
1152 273 1337 313 evangelia:

985 319 1052 354 Ubi
1078 320 1176 351 timor
1201 321 1332 363 desinit,

1034 368 1156 409 Incipit
1182 370 1322 402 miseria.

927 468 959 498 5.
988 465 1079 498 Sicut
1105 465 1221 497 humor
1248 468 1393 498 modicus

1037 515 1097 546 Est
1125 515 1252 546 medela
1279 515 1423 547 floribus.

988 563 1041 596 Sic
1069 567 1100 595 et
1127 563 1224 594 timor
1252 564 1395 595 medicus

1037 613 1188 653 Optimus
1216 612 1247 643 in
1277 613 1431 652 rudibus3

988 661 1131 693 Taurum
1159 661 1267 693 domat
1296 662 1434 693 rusticus

1038 711 1120 752 Ictu,
1149 707 1246 751 fuste,
1274 711 1427 742 restibus.

988 759 1130 791 Puerum
1158 758 1372 790 scholasticus

1039 808 1156 840 Verbis
1183 811 1213 839 et
1242 808 1442 840 verberibus,

928 908 960 940 6.
989 906 1164 947 Nunquam
1192 905 1414 937 Pharaonicus

1038 955 1174 987 Proficit
1201 955 1232 986 in
1260 955 1396 990 artibus,

989 1005 1071 1043 Quia
1099 1003 1280 1036 diabolicus

1040 1054 1131 1085 Talis
1158 1056 1207 1084 est
1235 1053 1266 1083 in
1294 1052 1454 1083 omnibus

990 1102 1057 1133 Iam
1085 1103 1127 1134 ad
1155 1101 1250 1133 finem
1280 1102 1447 1141 contraho,

1039 1151 1134 1183 Velut
1163 1151 1258 1182 ambo
1285 1151 1448 1190 sapimus:

990 1200 1024 1232 Si
1052 1201 1100 1232 vis
1127 1209 1197 1231 esse
1227 1200 1364 1236 Pharao,

1039 1250 1131 1282 Finis
1159 1249 1219 1280 erit
1247 1249 1417 1289 pessimus,

575 1359 629 1392 R⁰
657 1359 827 1393 Patienter
853 1361 968 1400 patere

707 1408 816 1441 Verba
843 1417 914 1441 cum
940 1407 1087 1449 flagitiis,

656 1458 733 1490 Noli
761 1458 844 1491 dura
870 1466 1038 1497 spernere,

706 1507 756 1539 Ne
781 1507 924 1540 volvaris
951 1507 1051 1539 vitiis.

283 1615 356 1643 Piae
378 1614 544 1643 Cantiones
568 1612 643 1642 1582
664 1615 715 1642 fol.
738 1615 769 1642 M
794 1613 807 1642 1
831 1624 849 1642 a
872 1622 914 1650 sq.
936 1613 1123 1649 (Klemming
1145 1613 1196 1643 IV.
1219 1611 1277 1643 45.)

725 1788 796 1821 207.
837 1789 881 1820 De
904 1788 1040 1820 Timore.

245 1922 252 1930 ,
281 1893 402 1927 Schola
429 1903 553 1926 morum
580 1890 703 1931 floruit,

280 1942 367 1977 Dum
393 1943 543 1976 timorem
572 1941 697 1982 habuit,

331 1992 398 2026 Sed
424 1992 542 2025 timore
569 1995 698 2024 mortuo

283 2042 402 2076 Statim
428 2042 488 2075 fios
516 2041 675 2074 emarcuit

282 2092 353 2126 Nec
377 2090 496 2124 florere
522 2090 630 2133 potuit

329 2141 405 2175 Mos
432 2141 550 2174 timore
579 2138 697 2173 defluo.

248 2267 256 2275 .
284 2240 398 2273 Timor
421 2240 554 2273 honoris
582 2239 747 2272 vinculum

284 2289 445 2323 Instruxit
473 2289 683 2331 discipulum,

332 2338 433 2382 Ergo,
462 2339 490 2372 si
517 2339 567 2371 vis
594 2337 725 2375 instrui,

284 2388 352 2422 Fer
377 2387 505 2421 timoris
531 2387 676 2429 iugulum

285 2437 329 2471 Et
357 2436 505 2470 docentis
531 2436 696 2476 baculum,

338 2487 438 2527 Quem
466 2487 632 2528 repellunt
659 2483 754 2517 fatui.

932 1891 964 1923 3.
993 1891 1106 1922 Timor
1133 1889 1346 1922 laudabilium

994 1940 1109 1972 Honor
1136 1943 1186 1970 est
1212 1939 1422 1975 scholariumq

1044 1991 1210 2030 Pauperes
1239 1989 1437 2029 magnificat,

995 2039 1109 2072 Timor
1137 2038 1191 2070 dat
1220 2038 1404 2078 imperium,

994 2089 1137 2121 Rudium
1164 2088 1328 2128 ingenium

1045 2138 1151 2170 Docet
1178 2142 1209 2168 et
1236 2137 1452 2169 authenticat.

938 2239 970 2271 4.
998 2237 1112 2270 Timor
1139 2235 1238 2268 habet
1265 2236 1413 2267 ordinem

997 2287 1052 2319 Ad
1079 2294 1256 2327 supernum
1284 2285 1463 2319 cardinem,

1047 2335 1114 2369 Ubi
1141 2343 1234 2366 nemo
1262 2334 1380 2375 litigat,

998 2385 1112 2418 Timor
1140 2383 1423 2415 mansuetudinem

998 2434 1134 2468 Excitat
1161 2436 1193 2465 et
1220 2432 1383 2464 turbinem

1051 2482 1224 2516 Punientis
1252 2482 1389 2522 mitigat,
