1650 2727
661 159 927 197 -153—

218 256 375 299 Fulgebit
399 265 552 299 semper3

266 310 323 339 tua
347 315 434 338 nunc
459 306 585 338 solacia
602 306 766 348 praebens

216 355 387 389 sidereum
412 363 522 396 regem

264 403 358 436 nobis
386 403 530 444 deposce
557 402 715 445 favorem,

143 453 184 487 V.
211 452 358 494 Implora
385 452 523 493 veniam,

263 510 341 534 cura
366 511 436 543 nos,
465 504 582 534 cuncta
606 501 763 536 secunda.

313 627 359 655 Ad
380 627 565 664 Magnificat.

149 709 191 743 A.
219 709 346 750 Sponsa
373 707 446 749 Dei,
475 707 588 751 Lucia,
616 717 739 741 memor

265 754 388 801 [huius]
417 760 487 789 esto
515 761 677 798 catervae,

214 807 304 848 Quae
329 811 387 838 tua
413 810 506 847 gesta
531 815 652 838 canens

265 865 285 887 a
311 859 343 887 te
369 856 454 896 petit
480 855 646 895 auxiliari,

216 904 348 937 Natalis
375 913 448 936 cum
475 908 568 944 grata
594 905 642 937 tui

267 953 438 986 sollemnia
465 954 603 994 pollent,

213 1003 259 1035 Et
284 1006 317 1034 te
344 1006 538 1041 quaerentes

261 1052 424 1083 scelerum
453 1050 505 1083 fac
525 1056 616 1093 peste
637 1059 760 1086 carere.

255 1209 317 1241 Ad
354 1208 627 1242 Matutinum.

328 1297 550 1324 lnvitatoiium.

214 1395 385 1428 Praecelso
411 1395 492 1435 regi,

259 1445 309 1476 cui
332 1444 481 1476 machina
496 1443 643 1477 subiacet
657 1444 757 1485 orbis,

212 1493 273 1533 Qui
301 1492 362 1525 sibi
389 1494 533 1526 sacravit

261 1542 395 1575 Luciam
425 1543 500 1574 dote
529 1543 668 1581 beatam,

210 1592 248 1624 In
276 1591 373 1624 labiis
401 1591 495 1624 huius

256 1649 417 1674 memores
432 1645 465 1674 et
479 1640 579 1673 corde
591 1649 756 1676 canamus,

232 1785 277 1817 In
313 1786 346 1818 2.
384 1783 623 1819 Nocturn0.

136 1882 176 1917 R.
205 1881 284 1916 Flos
311 1882 432 1915 sudans
460 1892 565 1915 rorem

253 1932 403 1965 ascendit
413 1935 455 1965 acl
469 1932 586 1965 montis
598 1932 753 1965 honorem

202 1981 246 2014 Et
272 1991 371 2024 super
398 1982 483 2014 hunc
509 1981 621 2014 florem

255 2030 344 2064 Deus
369 2032 543 2072 inspiravit
569 2032 715 2072 odorem,

205 2079 284 2114 Flos
311 2082 424 2123 virgo,
452 2089 506 2113 ros
532 2085 626 2122 grata
653 2081 752 2122 salus,

254 2130 337 2164 odor
362 2140 445 2164 aura
472 2130 599 2164 salutis.

229 2275 274 2308 In
311 2276 345 2309 3.
381 2274 625 2310 Nocturn0.

127 2374 170 2408 A.
198 2373 380 2407 Multorum
411 2373 500 2406 dulei

244 2424 465 2457 medicamine
477 2423 613 2456 vulnera
621 2431 751 2464 curans,

194 2474 282 2508 Aula
308 2473 373 2506 Dei
402 2473 552 2516 radians⁷

243 2524 359 2557 domus
389 2526 422 2555 et
449 2521 584 2555 deitatis
612 2521 728 2563 amica,

927 259 994 292 Fer
1021 269 1130 292 euram
1158 263 1261 293 nostri

976 308 1144 348 nobisque.
1173 309 1324 351 benigna,
1354 308 1476 344 faveto.

1042 424 1256 460 Responsoria.

889 531 896 538 .
925 504 1042 537 Carnis
1069 509 1178 536 terens

974 553 1243 590 adulescentiam,

923 601 985 634 Dei
1014 606 1137 634 tantum

973 660 1133 692 quaerens
1160 651 1322 689 notitiam,

923 699 1069 740 Regnum
1097 699 1257 741 linquens.

973 752 1066 780 notos
1093 752 1124 779 et
1151 750 1300 789 patriam,

923 797 1078 830 Gressum
1108 799 1206 830 vertit

971 847 1002 879 in
1032 846 1298 889 Lotharingiam3

886 922 894 930 .
921 895 1048 937 Optcms
1078 895 1210 929 Christo
1246 907 1368 938 sponso
1395 907 1471 930 con·

922 945 1018 986 iungi
1048 944 1234 978 voluntarie
1259 946 1473 979 mundanam

925 994 998 1027 vicit
1024 994 1179 1034 yloriam.

887 1118 893 1124 .
920 1091 946 1124 O
974 1093 1100 1132 lampas
1127 1091 1296 1131 ecclesiae,

973 1142 1088 1174 Rivum
1117 1139 1258 1174 fundens
1285 1141 1359 1183 olei,

922 1189 1090 1222 Medicina
1117 1190 1252 1233 gratiae,

972 1238 1215 1271 Nutrimentum
1246 1239 1333 1278 fidei,

921 1288 1071 1320 Tutelam
1099 1293 1234 1327 praesta
1263 1289 1404 1329 pavidiS,

924 1337 1071 1370 Calorem
1102 1338 1208 1369 minus
1237 1337 1386 1374 fervidis,

970 1386 1148 1428 Languidis
1177 1387 1347 1422 medelam.

884 1462 891 1469 .
920 1436 956 1468 In
985 1440 1017 1467 te
1045 1433 1162 1479 [virgo]
1195 1436 1328 1478 veritas,

969 1485 1063 1518 Oliva
1093 1482 1277 1523 fructifera,

919 1535 1019 1567 Cuius
1046 1534 1132 1565 lucet
1161 1534 1289 1575 puritas

965 1583 1009 1616 Et
1037 1583 1249 1624 resplendent
1275 1592 1387 1624 opera.

983 1742 1028 1774 In
1065 1741 1300 1774 Laudibus.

1043 1830 1245 1866 Antipliouae.

883 1958 889 1965 .
917 1929 1047 1962 Gaudia
1075 1929 1215 1962 festivae

965 1985 1160 2020 percurrant
1189 1989 1247 2012 ora
1276 1979 1352 2020 diei,

915 2029 1130 2062 Christicolae
1156 2029 1263 2070 plebis

963 2078 1107 2111 celebrat
1123 2089 1185 2119 qua
1201 2079 1287 2111 laeta
1299 2076 1462 2121 [caterva]

916 2127 1109 2169 Virgineum
1139 2129 1238 2160 decus
1266 2128 1307 2160 ad

964 2177 1093 2209 laudem
1125 2177 1256 2209 Domini
1286 2177 1432 2210 Luciam.

879 2300 886 2308 .
914 2274 1006 2308 Haec
1032 2279 1081 2307 est
1109 2275 1199 2317 virgo
1226 2276 1344 2315 nitens,

967 2333 1049 2365 quae
1074 2325 1165 2357 clara
1183 2325 1246 2357 iam
1267 2324 1326 2358 tibi
1345 2333 1466 2366 sponsa

913 2373 1049 2407 Obviam
1079 2374 1251 2415 processit,

965 2422 1094 2456 factura
1121 2423 1311 2465 perenniter
1338 2423 1407 2455 illic

913 2471 1071 2514 Obsequii
1096 2482 1244 2514 pensum,

965 2521 1050 2554 divis
1075 2522 1200 2555 sociata
1227 2521 1366 2554 choreis.
