1650 2727
695 131 939 169 -73—

211 229 320 263 Tenes
345 239 492 272 regnum,
519 229 672 273 honores,

214 277 408 312 Nobilitatis
435 278 574 321 copiam,

214 327 406 368 Posttergas
429 327 587 369 inopiam,

263 375 444 416 Pauperem
472 376 513 408 de
537 377 667 409 sentina

211 424 330 458 Trahis
358 423 496 458 ferendo
523 425 679 467 balteum,

261 473 434 515 Sceptrum
463 475 503 507 de
529 474 658 517 pruina,

261 521 354 555 Botri
381 522 428 555 tui
455 523 532 555 vina

262 570 368 603 Laute
394 571 473 604 mihi
500 570 652 613 propina,

261 619 359 652 Felix
385 620 561 661 medicina,

310 669 473 702 Succurre
500 677 587 701 nunc
614 668 771 701 velocius.

152 767 183 799 2.
212 766 259 800 Ut
284 767 362 807 quid
392 766 488 808 spina
516 766 605 799 dorsi
632 767 766 809 premis,

263 815 447 857 Paupertas
475 816 594 848 cumulz
643 845 648 857 ,

211 863 344 903 Sensus,
371 865 469 897 simul
494 865 580 897 vires
608 865 712 898 demis

261 914 400 947 Cervice
427 915 616 955 adgregata,

262 962 318 995 Sic
346 963 531 996 coadunata

310 1012 424 1045 Motus
452 1012 569 1044 vitales
593 1013 743 1054 suffocas,

211 1061 391 1093 Abiectum
420 1062 545 1093 cunctis
571 1062 703 1102 populis

262 1109 443 1150 Tamquam
473 1120 616 1143 vermem
643 1110 790 1143 ostendis

210 1158 314 1191 Orbis
341 1161 440 1192 totius
467 1161 582 1199 oculis,

264 1210 386 1241 Arcum
414 1209 485 1242 dire
511 1209 667 1251 intendis,

263 1256 318 1289 Sic
344 1267 395 1290 me
423 1258 656 1298 deprehendis,

311 1307 391 1339 Mox
402 1307 546 1340 vinctum
556 1308 678 1348 abysso
688 1307 788 1340 locaS.

215 1353 406 1388 Prostibulo
430 1361 525 1389 natas
551 1357 642 1397 iungi

217 1405 308 1437 Patri
336 1405 445 1446 egenti
471 1406 648 1447 praecipis,

214 1453 381 1496 Formam,
410 1464 516 1487 mores
544 1455 678 1497 recipis,

263 1503 396 1536 Dormis
423 1505 471 1536 sic
496 1509 684 1537 contractus

215 1553 278 1586 Per
305 1558 421 1586 cuncta
448 1554 561 1586 mundi
586 1553 729 1595 climata,

970 229 1054 270 Heu,
1084 231 1134 263 eui
1161 231 1247 272 viget
1275 234 1378 273 actus,

971 278 1183 312 Ponderosus
1210 283 1327 321 tactus,

972 327 1076 368 Leges
1103 331 1176 360 tuas
1201 333 1325 371 nactus,

973 376 1010 408 In
1037 376 1118 409 nihil
1144 386 1215 409 sum
1242 378 1409 416 redactus,

1022 425 1154 458 Caelum
1166 429 1279 458 contra
1290 435 1339 457 me
1350 427 1492 459 invocas,

863 524 895 557 3.
924 522 1044 555 Sother
1070 532 1196 563 magne,
1226 522 1397 561 mirabilis,

975 572 1130 604 Votorum
1157 571 1340 607 exauditor,

924 620 1031 662 Super
1058 623 1191 652 cunctos
1218 620 1407 654 laudabilis,

973 669 1137 703 Bonorum
1166 670 1332 710 elargitor,

972 718 1091 751 Vultus
1117 718 1163 750 tui
1191 719 1279 750 nitor

1023 768 1118 800 Cives
1146 777 1305 808 supernos
1334 767 1473 808 debriat,

924 817 1169 850 Inaestiniatum
1197 817 1349 857 gaudium

974 866 1093 900 Choris
1122 867 1180 897 das
1207 866 1408 905 angelorum.

928 915 1036 948 Corda
1058 924 1181 958 purges
1209 915 1353 947 fidelium

974 964 1098 1004 Figura
1126 965 1372 1005 mundanorum,

973 1014 1115 1046 Comites
1143 1019 1327 1045 sanctorum

1025 1063 1133 1094 Pietas
1161 1067 1214 1094 tua
1243 1061 1353 1094 faciat.

926 1111 1000 1144 Non
1027 1112 1216 1143 aestimator
1244 1111 1363 1148 meriti,

925 1160 990 1193 Sed
1018 1170 1114 1192 verus
1143 1161 1256 1192 veniae
1285 1161 1393 1199 dator,

926 1210 1022 1242 Vitae
1050 1210 1204 1250 perennis
1231 1213 1321 1242 sator

974 1258 1068 1291 Valle
1096 1269 1154 1291 nos
1183 1259 1354 1291 lacrimosa

928 1308 1089 1349 Degentes
1117 1309 1170 1348 pie
1198 1309 1324 1349 respice

974 1357 1106 1390 Virtute
1132 1358 1286 1398 gratiosa,

973 1406 1024 1439 Ne
1048 1406 1090 1438 ob
1118 1406 1291 1438 criminosa

975 1456 1117 1488 Caterva
1144 1455 1319 1488 tenebrosa

976 1505 1061 1538 Sede
1089 1505 1239 1545 speciosa

1024 1554 1158 1586 Festino
1186 1564 1244 1586 nos
1272 1554 1422 1594 proiciat.

221 1659 344 1688 collect.
370 1669 422 1687 ms.
446 1661 629 1688 Stiriacense
658 1669 734 1689 saec.
760 1659 803 1688 15.
827 1661 899 1690 Cod.
921 1661 1080 1689 Stiriacen.
1103 1662 1128 1689 L
1151 1660 1187 1688 *26
1215 1666 1248 1691 (s.
1276 1667 1322 1692 τι).
1345 1676 1382 1679 —-
1407 1659 1437 1694 l,
1468 1657 1503 1689 18

141 1700 284 1737 Ceptrum
307 1700 360 1728 das
386 1701 505 1736 pruina¹
529 1715 564 1720 -
587 1698 614 1734 ⁴2,
637 1700 655 1728 2
677 1700 835 1729 tumulata.
859 1715 896 1719 —
918 1698 945 1732 3,
967 1700 985 1729 6
1007 1710 1172 1737 supremos.
1196 1715 1233 1720 ——
1255 1700 1280 1734 3,
1304 1700 1321 1729 9
1344 1702 1456 1736 purgis.

479 1885 527 1918 93.
570 1885 724 1919 Planctus
746 1886 784 1918 de
806 1887 986 1927 temporum
1009 1885 1165 1926 nequitia.

138 1997 156 2030 1
179 2006 210 2031 a.
237 1996 425 2037 Advertite,
454 1997 626 2038 percipite,

236 2047 445 2087 perpendite,
469 2053 660 2080 cunctorum

286 2096 482 2138 populorum
510 2097 651 2138 agmina.

141 2196 208 2230 2a.
239 2195 418 2239 Principes,
447 2195 608 2229 satellites

288 2254 328 2277 ac
353 2249 598 2287 praepotentes,
625 2245 734 2287 ignea,

235 2294 314 2327 dum
342 2294 506 2338 derident,
535 2298 568 2327 et
593 2295 756 2328 seducunt

287 2348 318 2375 et
345 2347 497 2386 mergunt
521 2343 555 2376 in
582 2347 720 2385 tartara,

135 2445 156 2478 3
172 2452 202 2479 a.
231 2442 274 2476 Et
304 2442 378 2475 dira
404 2446 611 2476 conterentes

285 2500 467 2534 pauperum
494 2491 632 2534 ferocia,

852 1999 871 2032 1
888 1998 921 2033 b.
947 1999 1086 2040 Quantis
1101 1999 1257 2031 mundum
1272 1997 1502 2031 fraudulenter

950 2048 1139 2090 improbant
1165 2049 1270 2086 malis,
1299 2048 1433 2080 turbant

1002 2101 1034 2129 et
1061 2098 1253 2130 conculcant
1282 2097 1369 2129 vitia.

852 2196 920 2231 2b.
949 2196 1138 2229 Iudicantes
1165 2196 1266 2236 impia

998 2245 1123 2278 iudicia
1148 2246 1321 2286 tyrannica

950 2299 983 2327 et.
1007 2304 1107 2336 super
1133 2295 1290 2327 innocuos

1001 2342 1157 2377 falsitatis
1183 2343 1324 2385 ingenia.

852 2442 920 2477 3b.
948 2443 1049 2476 Mites
1077 2446 1109 2476 et
1136 2444 1268 2475 vesania

1000 2493 1156 2526 cedentes
1184 2491 1320 2533 malitia,
