1650 2727
744 145 983 180 -50-

656 257 698 289 61.
739 257 782 289 De
803 257 902 289 Beata
922 258 1024 290 Maria
1044 258 1081 290 V.

621 345 662 382 R.
694 348 824 381 Nardus
850 348 1018 382 odorifera

687 397 797 430 Stillat
822 407 898 430 arce
924 407 1055 438 supera,

691 446 754 478 Per
779 456 874 486 quam
901 445 937 478 fit
964 455 1128 486 puerpera

738 495 838 535 Virgo
864 495 963 526 maris
991 494 1098 526 stella.

209 580 239 611 1.
272 579 422 613 Thronus
449 582 534 622 regis
561 582 763 613 instauratur
912 583 944 616 3,
971 581 1031 621 Qui
1064 580 1196 613 Iudaeis
1223 578 1394 610 suscitavit

315 628 423 661 Hodie
449 630 570 670 puella,
1021 629 1116 661 Rude
1142 631 1384 667 testamentum,

266 677 371 710 Terra
398 679 488 710 caelo
516 677 722 719 fecundatur,
974 678 1052 710 Sese
1079 676 1173 708 nobis
1202 676 1398 708 instauravit

314 725 469 758 Fundunt
497 727 578 758 caeli
605 727 712 768 mella,
1022 726 1151 758 Novum
1179 728 1418 767 testamenutm,

266 774 377 812 Mella,
405 775 522 815 quibus
549 775 704 815 irrigatur
973 775 1081 814 Venit,
1109 778 1145 805 ut
1170 783 1233 805 non
1261 773 1347 805 ultra
1374 777 1475 805 staret

317 823 491 864 virginalis
520 824 613 861 cella,
1023 824 1124 855 Vetus
1152 826 1401 865 sacramentum,

265 871 378 904 Novus
405 873 511 912 liquor
538 872 699 911 eliquatur
973 872 1017 904 Et
1043 875 1079 903 ut
1105 871 1187 911 legis
1214 875 1379 913 azymaret

317 920 364 951 De
392 921 457 952 vite
483 920 621 953 novella.
1022 920 1152 952 Veteris
1180 918 1385 953 fermentum.

206 1010 235 1039 3.
264 1006 369 1047 Deus,
398 1008 452 1047 qui
481 1016 550 1038 cum
579 1007 651 1038 Deo
676 1007 766 1045 vivit,
914 1009 945 1040 4.
975 1007 1173 1040 Benedictus
1200 1017 1306 1040 sermo
1332 1009 1446 1048 patris,

315 1055 421 1088 Unius
449 1057 548 1095 usiae,
1024 1058 1083 1096 Qui
1111 1057 1158 1088 sic
1185 1066 1243 1089 nos
1270 1057 1394 1098 revisit,

266 1105 366 1144 Quem
394 1114 475 1145 prae
502 1105 628 1136 cunctis
658 1104 791 1137 ininivit
974 1107 1038 1138 Per
1063 1115 1157 1146 quem
1184 1115 1278 1138 sacer
1294 1107 1406 1138 thorus
1424 1106 1536 1139 matris

315 1153 394 1185 Oleo
421 1153 566 1195 sophiae,
1021 1155 1179 1187 Mendam
1206 1165 1269 1187 non
1296 1155 1439 1198 admisit,

266 1202 504 1235 Humanandus
530 1203 679 1235 introivit
973 1203 1070 1242 Quem
1098 1212 1118 1235 a
1143 1204 1215 1236 sinu
1242 1205 1346 1244 patris
1372 1201 1477 1249 [nata]

318 1251 454 1284 Uterum
482 1252 620 1290 Mariae,
1021 1251 1104 1284 Caro
1131 1262 1193 1284 non
1223 1253 1344 1295 divisit,

266 1300 475 1333 Humanatus
503 1310 587 1332 nunc
615 1301 714 1333 exivit
971 1300 1054 1332 Dum
1082 1309 1116 1332 se
1144 1310 1242 1333 carne
1269 1302 1407 1334 calciata

319 1350 435 1382 Clauso
464 1359 559 1382 cursu
586 1350 667 1383 viae.
1019 1349 1131 1381 Deitas
1158 1351 1303 1384 immisit.

592 1441 623 1470 5.
651 1437 754 1476 Virgo
780 1436 923 1476 prudens
951 1440 983 1467 et
1009 1436 1112 1468 virilis

701 1485 818 1517 Nescia
845 1485 1015 1525 mixturae,

653 1534 735 1566 Dum
762 1534 904 1574 parturit
931 1533 990 1564 sub
1018 1532 1121 1564 virilis

698 1582 817 1614 Forma
845 1586 1023 1619 creaturae,

652 1631 759 1670 Virgo,
788 1630 870 1662 cella
895 1630 1062 1669 trinitatis,

697 1678 801 1711 Obvia
826 1682 971 1718 naturae,

649 1727 745 1760 Salvo
772 1728 841 1759 iure
867 1727 1027 1759 castitatis

697 1776 815 1808 Purum
840 1776 927 1816 parit
955 1786 1045 1816 pure.

186 1907 204 1927 S
264 1864 335 1930 [ἐπὶ
351 1865 521 1893 Berolinen.
538 1863 679 1899 Phillipp.
704 1860 787 1890 1996.
809 1859 877 1890 add.
900 1871 976 1891 saec.
1002 1863 1044 1891 12.
1068 1881 1104 1884 —
1128 1867 1189 1894 Der
1209 1868 1331 1895 Ret'rain
1356 1869 1432 1905 folgt
1448 1870 1534 1906 jeder

185 1906 274 1940 §trop
297 1913 321 1930 e.

635 2007 681 2038 62.
724 2007 766 2038 De
788 2006 886 2038 Beata
907 2007 1008 2038 Maria
1031 2008 1067 2040 V.

198 2104 228 2135 1.
258 2100 364 2139 Salve,
391 2100 483 2141 virgo
509 2101 613 2140 regia,
901 2101 931 2132 3.
959 2099 1030 2131 Tua
1056 2101 1215 2140 pudicitia

305 2148 367 2182 Tui
391 2150 459 2182 nati
487 2152 574 2187 nata,
1008 2148 1181 2189 Nunquam
1209 2152 1341 2193 violata,

259 2200 388 2232 Patrem
415 2198 504 2239 paris
530 2197 597 2229 filia
960 2197 1025 2229 Sed
1051 2198 1146 2229 adest
1171 2199 1298 2234 laetitia

307 2247 434 2280 Natura
459 2250 592 2278 mutata.
1008 2246 1140 2287 Integre
1166 2253 1308 2284 servata.

199 2341 230 2373 2,
258 2335 370 2370 Totius
396 2335 570 2368 triclinium
896 2335 929 2366 4.
957 2333 1028 2366 Eva
1054 2333 1147 2366 nobis
1173 2337 1283 2369 nocuit

306 2385 355 2418 Tu
378 2393 412 2417 es
438 2383 605 2424 trinitatis,
1006 2381 1095 2414 Dans
1122 2387 1259 2417 mortem
1289 2392 1319 2419 et
1348 2389 1467 2433 luctus,

257 2434 361 2473 Paris,
388 2434 490 2475 virgo,
517 2431 619 2464 filium
955 2431 1019 2464 Sed
1045 2432 1104 2474 sic,
1133 2433 1235 2475 virgo,
1262 2434 1372 2469 floruit

305 2483 346 2515 Vi
373 2481 564 2516 divinitatis.
1006 2481 1138 2513 Ventris
1168 2482 1216 2514 tui
1244 2482 1379 2530 fructus,
