1650 2727
689 176 956 213 -130-Δ

369 275 414 303 Ad
436 275 567 304 Sextam.

174 337 216 370 A.
243 337 337 370 Beati
364 336 451 369 servi
477 336 590 377 vigiles

298 386 341 418 Hi
367 389 479 426 patres
505 389 578 417 sunt
604 385 738 427 inventi,

249 435 340 467 Bono
367 434 490 475 pastori
516 434 649 473 similes,

297 482 494 516 Errantibus
519 483 645 516 intenti.

372 569 417 596 Ad
440 570 564 596 Nonam.

175 636 216 668 A.
245 635 368 667 Horum
395 639 523 665 sacrata
547 633 687 665 servitus

301 683 368 715 Deo
394 686 488 723 grata
515 682 683 722 probatur,

249 733 337 772 Quae
365 729 480 762 festum
508 731 612 762 sancti
639 731 774 772 spiritus

297 780 431 819 Semper
457 779 702 812 concomitatur.

983 275 1029 308 In
1065 275 1098 308 2.
1127 270 1346 311 Vesperis.

1047 349 1093 379 Ad
1114 347 1298 385 Magnificat.

875 440 916 474 A.
943 438 1133 480 Magnificat
1162 437 1315 470 divinitas

996 485 1208 522 confessores
1234 485 1422 524 virtutibuS‚

949 538 1141 571 Sanctorum
1168 534 1397 566 immortalitas

996 585 1158 619 Probatur
1183 592 1222 615 ex
1249 582 1416 624 operibus,

950 633 1097 666 Gratiam
1124 632 1360 672 praestantium

998 682 1248 722 Quibuscunque
1254 679 1482 721 languentibus
1490 703 1498 719 ,

950 731 1104 771 Optatum
1132 729 1331 770 praesidium

1000 778 1132 812 Cunctis
1160 775 1266 821 [dant]
1294 777 1494 818 petentibuS.

231 866 313 894 offic.
336 874 389 893 ms.
411 866 540 892 Faustae
562 865 597 892 de
620 866 791 892 Beccarinis
814 866 845 892 in
866 865 1050 892 Monasterio
1072 864 1266 891 visitationis
1282 864 1397 891 B.M.V.
1413 863 1493 898 (ord.

153 905 238 937 Cist.)
258 914 332 933 saec.
358 902 400 932 16.
424 904 495 931 (ῥοά
521 904 628 931 Senen.
648 904 671 930 F
688 904 728 930 VI
751 901 798 930 22.
819 918 857 922 —
878 904 920 931 In
945 903 968 930 1.
991 905 1093 931 Noct.
1109 901 1136 930 A
1155 900 1183 933 3,
1205 901 1222 930 3
1246 904 1434 939 sanguinem.
1456 918 1494 922 —

151 942 179 971 R

152 981 222 1011 Α6

152 1020 170 1048 2

202 942 228 975 ¹2,
253 943 265 970 1
290 945 396 980 patria.
413 958 449 960 —
465 941 491 970 R
515 941 541 973 2,
565 941 581 968 Τ
602 946 690 978 gente
705 944 837 978 copiosa.
853 958 890 962 —-
906 943 947 969 In
962 940 989 969 2.
1005 943 1108 969 Noct.
1124 941 1150 969 A
1168 941 1195 974 6,
1216 940 1234 969 3
1249 941 1288 968 Ei
1304 941 1442 977 psallere.
1460 957 1498 961 ——-

230 1003 237 1015 ,
262 981 281 1009 4
308 983 441 1018 piissime
469 991 563 1017 gagen
584 981 641 1008 den
664 982 759 1008 Reim.
781 995 818 1000 —
840 979 869 1009 R
891 980 923 1013 4,
950 979 968 1008 2
992 982 1091 1007 Iustus
1113 981 1166 1006 sic.
1191 995 1223 998 —
1248 981 1290 1007 In
1311 979 1338 1008 3.
1358 982 1444 1009 Noct.
1468 980 1495 1009 R

179 1042 185 1052 ,
216 1020 233 1048 2
261 1032 302 1057 sq.
331 1022 470 1048 Ferarum
499 1021 596 1046 locuni
623 1020 800 1047 animalium
829 1020 926 1047 valde.
952 1035 989 1038 —
1010 1019 1194 1046 Ad'Prim.
1216 1018 1257 1050 A,
1288 1018 1301 1045 l
1325 1019 1365 1046 Et
1392 1019 1499 1047 harum

151 1060 283 1095 vigiliae.
308 1075 345 1078 —
368 1059 548 1093 Hymnus:
577 1059 722 1086 Felicis
746 1059 844 1086 alma
864 1059 1015 1095 gloriae
1036 1058 1134 1089 (Anal.
1157 1058 1268 1087 XL111,
1291 1056 1368 1091 ⁸210).

569 1192 615 1222 52.
658 1192 700 1223 De
723 1200 746 1223 S.
769 1192 854 1223 lusto
877 1192 1074 1232 Tergemini».

298 1286 342 1317 In
373 1284 403 1316 1.
433 1283 654 1323 Vesperis.

345 1360 390 1388 Ad
412 1359 595 1395 Magnificat.

175 1441 217 1473 A.
246 1440 360 1480 Fulget
388 1439 475 1470 clara
503 1438 583 1475 dies,

298 1498 315 1519 a
344 1487 472 1520 Christo
499 1487 702 1527 magnificata

250 1536 410 1576 Martyrio
437 1537 541 1566 sancti

298 1584 378 1617 Iusti
412 1584 507 1615 nimis
541 1588 637 1624 atque
665 1585 791 1627 dicata3

248 1634 341 1666 Hane
368 1641 477 1664 omnes
505 1632 626 1664 Christi

297 1681 412 1713 merito
439 1686 635 1713 venerantur
660 1683 768 1725 amici,

250 1730 418 1763 Ecclesiae
444 1735 575 1761 sanctae

300 1789 359 1819 per
385 1788 479 1818 quani
504 1784 639 1818 pereunt
659 1779 792 1820 inimici,

251 1828 345 1860 Hanc
371 1827 554 1867 Tergestini

302 1877 387 1908 cives
414 1876 561 1907 recolunt
588 1877 774 1916 pretiosam,

250 1925 314 1957 Per
340 1934 433 1965 quam
461 1933 495 1956 se
522 1930 657 1957 noscunt

299 1974 427 2005 turbam
451 1983 606 2013 superare
626 1974 793 2013 dolosam3

250 2022 339 2062 Ergo
366 2022 420 2062 pio
447 2022 576 2053 Christo

301 2071 354 2111 pie
379 2075 413 2101 tu
440 2079 497 2101 nos
525 2070 627 2102 redde
646 2075 792 2110 patrone.

289 2208 352 2240 Ad
380 2206 655 2238 Nocturnum.

363 2284 584 2312 Invitatorium.

249 2364 368 2405 Regem
395 2363 563 2401 iustorum,

301 2422 394 2454 quern
414 2411 533 2451 Iustus,
556 2411 660 2444 frater
673 2420 795 2450 eorum,

253 2463 290 2494 ln
317 2470 415 2503 regno
442 2461 528 2492 vitae

302 2510 425 2547 laudat.
454 2509 597 2551 rogitare
622 2509 740 2542 venite.

992 1284 1037 1316 In
1068 1284 1098 1317 1.
1127 1283 1361 1316 Nocturno.

1077 1359 1278 1395 Antiphonae.

891 1449 923 1481 1.
951 1449 1017 1480 Iste
1044 1449 1157 1480 beatus
1183 1448 1243 1487 vir,

999 1496 1128 1529 nomine
1155 1497 1273 1535 Iustus,
1302 1498 1469 1538 sapienter

950 1546 1084 1586 Absque
1108 1550 1201 1577 reatu
1227 1545 1306 1586 legit

1000 1595 1032 1626 in
1058 1597 1133 1627 actu
1159 1594 1268 1626 vivere
1295 1603 1435 1636 semper.

892 1692 925 1724 2.
952 1691 1122 1723 Adversus
1148 1691 1273 1723 Iustum

1002 1739 1116 1781 populi
1142 1740 1227 1772 mala
1247 1745 1321 1772 sunt
1340 1740 1502 1782 meditati,

953 1789 1040 1829 Quos
1066 1789 1120 1830 pia
1147 1798 1237 1821 mens
1264 1790 1337 1821 risit

1003 1837 1083 1871 Iusti
1110 1847 1210 1878 super
1235 1842 1325 1871 astra
1351 1838 1450 1871 beati.

893 1937 924 1969 3.
953 1936 1007 1968 Ad
1034 1936 1209 1968 Dominum
1235 1937 1345 1968 Iustus

967 1979 981 1995 ’
1003 1985 1157 2017 clamavit
1183 1994 1263 2017 voce
1289 1985 1406 2018 beatus

953 2033 997 2065 Et
1024 2034 1064 2066 de
1091 2039 1200 2066 monte
1226 2033 1290 2066 Dei

1004 2081 1065 2114 fuit
1101 2082 1161 2114 hac
1186 2082 1220 2114 in
1247 2083 1333 2116 valle
1359 2084 1502 2117 iuvatus.

1072 2197 1286 2233 Responsoria.

897 2267 927 2299 1.
954 2266 1127 2307 Tempore,
1157 2276 1219 2306 quo
1247 2276 1348 2300 vanus

1007 2315 1163 2356 regnabat
1190 2315 1410 2350 Maximianus

955 2364 1036 2396 Eius
1063 2367 1093 2396 et
1120 2364 1252 2396 insanus

1007 2413 1132 2452 collega
1154 2412 1393 2455 DiocletianuS‚

958 2462 996 2494 In
1023 2461 1217 2502 Tergestina

1005 2510 1118 2542 micuit
1145 2519 1204 2542 ceu
1230 2512 1329 2545 stella
1352 2515 1481 2548 marina
