1650 2727
695 165 937 200 -70-

631 329 678 359 28.
722 329 764 360 De
786 330 899 360 sancta
921 328 1004 360 Fide.

286 441 332 472 In
361 440 392 474 1.
420 440 644 480 vesperis.

334 518 429 553 Super
449 517 595 544 Psalm'os.

168 618 209 651 A.
237 618 318 652 Ave,
348 625 473 657 gemma
499 615 659 647 claritatis

292 665 334 697 ad
361 666 466 696 instar
493 663 691 701 carbunculi,

243 716 325 749 Ave,
353 722 426 745 rosa
453 712 599 752 paradisi

291 772 364 794 rore
391 760 538 800 fragrans
565 760 713 797 balsami,

243 811 344 842 Fides
371 810 467 851 alma,
498 809 588 849 virgo
615 808 705 851 felix,

293 859 433 899 gloriosa
460 858 595 895 meritis,

240 909 441 939 Assistentes
469 911 542 937 tuae
568 906 658 937 laudi

293 957 371 987 caeli
398 955 493 995 iunge
520 954 657 993 gaudiis.

174 1044 215 1076 R.
245 1044 344 1083 Virgo
371 1042 482 1074 Fides.
511 1042 629 1073 dilecta
656 1041 738 1082 Deo,

291 1092 346 1123 lux
373 1090 486 1121 inclita
513 1090 635 1125 mundi,

243 1140 409 1171 Auxilium
437 1139 563 1170 miseris

292 1198 373 1228 quae
401 1187 465 1218 cito
491 1186 578 1218 ferre
605 1187 700 1226 soles,

242 1237 294 1269 Ad
322 1242 354 1268 te
381 1236 576 1267 clamantum

291 1286 343 1325 pie
359 1284 487 1324 suscipe
499 1289 572 1316 vota
584 1287 786 1324 precantum,

242 1334 407 1366 Aetliereo
433 1333 579 1364 residens

293 1382 374 1413 solio
404 1391 521 1421 sponso
547 1381 680 1412 sociata.

336 1506 382 1534 Ad
404 1505 586 1542 Magnificat.

170 1599 210 1629 A.
238 1597 292 1629 Ad
319 1597 472 1628 honorem
501 1598 597 1634 atque
623 1593 752 1625 laudem

291 1643 480 1685 sempiterni
506 1642 646 1674 numinis

243 1693 453 1727 Celebremus
479 1691 565 1723 diem
592 1690 710 1722 festum

292 1746 423 1774 sanctae
449 1740 542 1772 Fidis
570 1740 714 1780 virginis,

239 1792 329 1830 Quae
343 1799 403 1831 per
418 1790 534 1830 ignem,
550 1797 610 1828 per
623 1792 785 1820 tormenta

290 1840 487 1878 calicemque
514 1837 678 1876 sanguinis

241 1889 301 1920 Est
329 1889 449 1927 adepta
476 1886 666 1925 triumphali

288 1936 435 1968 bravium
463 1935 658 1968 certaminis.

277 2093 341 2124 Ad
366 2091 638 2124 Matutinum.

350 2168 569 2196 Invitatorium.

237 2258 422 2290 Adoremus
449 2257 674 2289 collaudantes

285 2307 450 2339 Christum
480 2305 539 2337 Dei
566 2305 678 2345 filium,

239 2355 337 2389 Cuius
364 2354 429 2388 fide
455 2355 547 2395 virgo
574 2355 674 2388 Fides

288 2404 384 2436 huius
409 2404 496 2435 vitae
521 2404 663 2436 stadium

240 2452 467 2486 Percurrendo
495 2453 742 2493 comprehendit

285 2502 468 2536 immortale
495 2502 652 2535 bravium.

985 440 1029 472 In
1060 441 1090 472 1.
1118 439 1356 471 Nocturno.

1068 516 1267 551 Antiphonae.

886 616 916 648 1.
947 615 1044 655 Virgo
1071 613 1182 656 Fides,
1209 614 1376 654 generosis

996 664 1085 696 edita
1110 663 1313 703 parentibus.

943 711 1140 745 Generosius
1167 710 1287 743 effulsit

991 766 1076 800 actu,
1106 759 1215 800 verbo,
1242 759 1396 792 moribus.

883 849 915 880 2.
944 848 1035 880 Haec
1060 848 1220 879 instructa
1247 846 1451 878 documentis

992 895 1069 928 fidei
1097 895 1276 926 catholicae

943 943 1128 976 Custodivit
1154 944 1223 975 vias
1252 944 1350 975 duras

993 993 1075 1033 legis
1101 992 1318 1032 evangelicae.

886 1081 918 1113 3.
947 1080 1019 1112 Non
1047 1084 1095 1112 est
1122 1079 1190 1110 eins
1217 1089 1273 1111 cor
1299 1079 1420 1110 elatum

995 1128 1099 1160 titulis
1126 1128 1295 1164 natalium,

945 1177 1014 1209 Nec
1040 1176 1167 1209 attrivit
1195 1177 1294 1208 decor
1321 1175 1448 1208 formae

995 1225 1155 1258 castitatis
1182 1225 1297 1259 lilium.

884 1316 917 1346 4.
946 1314 1074 1354 Quippe
1102 1313 1192 1344 vultu
1218 1313 1376 1352 speciosa,

994 1370 1131 1402 corpore
1157 1361 1338 1402 iuvencum,

944 1411 1057 1443 Mente
1083 1410 1218 1451 sprevit,
1247 1414 1321 1441 actu
1349 1409 1435 1450 fugit,

991 1458 1178 1499 nuptiarum
1207 1458 1346 1491 vincula,

883 1548 916 1579 5.
944 1545 1059 1577 Vultus
1087 1545 1155 1576 eius
1182 1549 1213 1576 et
1239 1546 1386 1578 incessus

992 1593 1185 1626 nuntiabant
1214 1593 1348 1633 deforis,

943 1643 1021 1682 Quis
1048 1641 1181 1674 affectus
1208 1643 1394 1683 possideret

991 1690 1141 1724 officinas
1168 1692 1322 1730 pectoris.

882 1780 914 1812 6.
943 1779 997 1811 Sic
1023 1780 1055 1810 in
1083 1787 1121 1809 ea
1147 1785 1337 1811 coruscante

991 1827 1074 1859 bono
1101 1827 1280 1868 pudicitiae

941 1877 1144 1909 Arridebant
1170 1876 1199 1907 ei
1227 1877 1321 1908 simul

990 1930 1020 1956 et
1049 1926 1186 1957 virtutes
1212 1925 1308 1958 aliae.

1058 2042 1271 2076 Responsoria.

883 2121 913 2153 1.
941 2121 992 2152 Ex
1019 2120 1157 2152 rubente
1184 2130 1259 2153 rosa
1287 2122 1382 2154 simul

989 2173 1021 2200 et
1047 2169 1207 2201 candente
1233 2169 1303 2202 lilio

940 2219 1041 2260 Virgo
1067 2217 1167 2250 Fides
1193 2224 1349 2252 coronata

988 2267 1070 2299 vivit
1095 2275 1135 2299 ex
1162 2269 1321 2308 martyrio

871 2315 911 2348 V.
940 2316 1032 2348 Inter
1057 2315 1174 2348 choros
1200 2317 1390 2357 angelorum

990 2365 1152 2406 geminato
1177 2366 1333 2406 praemio.

881 2453 914 2486 2.
942 2453 1042 2495 Virgo
1067 2453 1170 2494 stirpe
1197 2463 1413 2496 supergressa

989 2502 1114 2543 primos
1141 2505 1383 2544 Agennensium
