1650 2727
696 140 966 176 —123—

193 239 227 273 6.
254 239 375 273 Omnes
399 238 503 271 sancti
533 242 563 270 et
591 239 687 272 electi
903 240 933 274 7.
963 239 1071 280 thue
1098 248 1158 280 per
1186 240 1270 272 hanc
1296 239 1458 272 miseriam

253 287 458 328 Dominoque
483 287 690 331 praedilecti,
962 288 1095 321 Peccati
1121 289 1267 321 lustrans
1293 288 1445 327 seoriam,

254 336 438 370 Sollicitate
463 335 637 369 Dominum
961 336 1138 370 Mortalem
1168 337 1289 370 tollens
1315 337 1457 370 tunicam

252 386 412 427 votisque
438 385 672 429 precaminum,
962 385 1028 418 Det
1055 385 1154 418 vitam
1184 387 1426 426 sempiternam.

582 472 638 506 R⁰
665 473 736 513 Eia,
765 472 869 514 hagie,

665 524 740 555 lesu
765 522 897 555 Christe
923 522 990 561 pie,

663 571 803 607 Christe,
832 579 889 602 rex
916 570 1051 610 gloriae,

663 619 713 652 Tu
738 620 809 661 riga
834 629 904 659 nos,

664 669 836 702 Caelorum
865 677 929 707 roe,

664 717 810 758 Virginis
835 715 905 757 flos,

663 766 762 799 Salva
788 775 858 801 nos,

233 856 319 883 Cant.
352 863 405 882 ms.
434 855 588 891 Pragense
614 853 799 887 ffiVeuceslai
831 853 868 881 de
897 854 1081 888 Wyskytna)
1112 854 1183 880 anni
1221 851 1303 879 1512.
1336 851 1407 879 (fod.
1438 852 1513 878 Mm.

151 895 274 923 Bohem.
297 894 372 923 XH]
395 895 418 921 A
441 892 460 921 2
493 909 527 912 —
551 891 596 921 ΚΟ
619 894 700 921 steht
720 893 821 921 hinter
843 892 900 921 Str.
923 891 950 920 2.

594 1047 654 1079 152.
697 1047 740 1078 De
765 1044 918 1078 Omnibus
940 1045 1075 1077 Sanctis.

429 1143 460 1175 1.
487 1140 639 1173 Omnium
666 1142 854 1172 sanctorum
880 1139 937 1179 pia
960 1137 1125 1170 iuvamina

487 1189 541 1222 Ad
570 1189 656 1229 regis
683 1188 832 1229 polorum
860 1197 919 1220 nos
947 1187 1067 1219 ducant
1096 1187 1247 1220 culmina.

427 1279 460 1311 2.
491 1277 687 1318 Prophetae,
715 1276 856 1317 apostoli
883 1280 981 1316 atque
1009 1275 1161 1316 virgines,

490 1326 715 1364 Patriarchae‚
743 1325 860 1358 viduae
886 1329 984 1365 atque
1012 1329 1184 1366 martyreS‚

427 1418 458 1450 3.
487 1416 593 1448 Deum
621 1419 756 1448 exorate
781 1424 842 1455 pro
869 1414 963 1446 nobis
991 1413 1131 1453 miseris,

490 1465 648 1498 Omnibus
675 1464 857 1497 succurrite
883 1464 916 1495 in
944 1463 1094 1495 miseriis.

431 1556 463 1589 4.
493 1554 561 1586 Iam
588 1553 707 1585 iudicis
734 1553 850 1585 summi
877 1553 959 1584 iram
987 1559 1072 1583 nunc
1100 1550 1273 1585 cernimus,

490 1604 592 1644 Quem
615 1600 811 1634 multiformi
839 1600 975 1633 crimine
1002 1599 1206 1632 offendimus.

430 1694 461 1727 5.
490 1692 610 1725 Omnes
637 1690 856 1731 christicolae,
883 1690 946 1722 iam
974 1688 1037 1721 hoe
1064 1688 1232 1728 deposcite

488 1741 667 1782 Totiusque
693 1739 801 1782 plebis
829 1739 950 1772 crimen
979 1738 1169 1778 abstergite.

428 1831 461 1863 6.
490 1829 652 1868 Angelica
677 1837 758 1861 voce
784 1828 873 1860 nacti
899 1827 1108 1860 consolamen

490 1879 610 1912 Omnes
638 1888 710 1911 cum
737 1878 860 1910 honore
887 1877 1097 1909 decantemus
1124 1877 1240 1909 Amen.

235 1968 414 2004 Rozenplun
437 1965 627 2003 Kaneyom'ss,
650 1963 733 1999 1601,
755 1975 783 2003 p.
806 1963 872 1993 514.

606 2121 666 2154 153.
710 2121 753 2152 De
773 2122 887 2152 sancta
909 2119 1066 2151 Barbara.

191 2218 225 2252 1.
253 2217 412 2250 Perennis
439 2216 527 2257 regis
552 2214 745 2257 nympham,
906 2215 939 2247 3.
965 2213 1018 2245 Ex
1048 2213 1138 2245 claro
1164 2221 1302 2244 manans
1329 2218 1447 2251 genere

252 2266 279 2300 Ο
306 2266 468 2306 Barbara,
498 2274 584 2298 nunc
608 2264 717 2297 incola
965 2262 1095 2294 Aetatis
1125 2262 1217 2301 virgo
1244 2263 1377 2292 tenerae

305 2315 368 2348 Per
393 2324 549 2356 sponsum
576 2318 678 2352 tuum,
703 2321 774 2347 ave.
1018 2311 1219 2344 Praelustris
1246 2309 1433 2350 margarita,

192 2405 225 2439 2.
253 2402 394 2444 Trabea,
423 2401 647 2436 dextrochirio
905 2401 936 2433 4.
966 2399 1107 2432 Reclusa
1134 2398 1217 2430 turri
1245 2406 1429 2438 procerum,

255 2452 423 2486 Virtutum
450 2455 484 2485 et
510 2451 658 2492 virgineo
967 2449 1048 2482 Cum
1077 2456 1208 2480 cursum
1228 2450 1341 2486 stupes
1359 2445 1517 2487 siderum,

304 2501 437 2536 Pudore
462 2501 628 2542 insignita.
1016 2497 1096 2530 Mox
1124 2496 1256 2529 nuntius
1284 2495 1434 2528 caelestis
