1650 2727
661 173 929 210 2163—

195 274 227 307 A
253 271 370 314 quibus
397 271 637 305 introducitur:

195 322 299 362 Intra,
325 320 445 371 fidelis,
470 320 636 363 gaudium,

195 370 272 404 Tibi
296 373 447 411 paratum
473 370 666 411 praemium,

152 445 160 454 .
195 420 301 454 Omns
327 422 459 452 sauctus
487 418 694 450 decantavit:

197 469 236 502 111
262 472 305 510 te,
332 467 482 509 Domine,
510 467 656 508 speravit

192 516 304 550 Meum
329 525 408 558 cor;
435 515 482 548 sic
508 516 701 556 exspiravit.

278 615 324 646 In
358 613 601 647 Laudibus,

309 681 405 718 Super
425 681 573 709 Psalmos.

156 772 164 780 .
198 747 236 779 In
260 745 343 778 caeli
369 745 590 778 tabernaculis

198 793 354 835 Refulget
379 798 511 827 sanctus
537 795 652 837 gloria,

197 844 367 877 Gloriosus
394 844 560 876 miraculis

196 893 352 926 coruscat
381 890 444 937 [in]
472 893 620 925 ecclesia.

313 979 359 1006 Ad
380 979 573 1008 Benedictus.

154 1064 162 1072 .
197 1039 309 1074 Sancti
334 1040 439 1080 patris
466 1048 647 1081 pauperum

197 1089 367 1129 Signorum
394 1088 596 1120 innumerum

195 1137 267 1170 Olei
292 1137 436 1169 manatio

195 1186 258 1218 Est
279 1190 357 1218 nota
384 1186 574 1223 declaratio,

198 1235 372 1268 Desudans
399 1244 439 1267 ex
463 1235 591 1267 ossibus

194 1284 336 1317 Cunctos
365 1288 459 1316 curat
483 1282 706 1325 languoribus.

314 1381 340 1413 P
352 1391 369 1414 e
380 1391 397 1414 r
422 1382 453 1414 Η
464 1392 482 1413 υ
495 1392 538 1414 ra
548 1391 575 1415 S.

341 1449 386 1476 Ad
408 1448 551 1477 Primam.

155 1541 162 1549 .
195 1513 318 1546 Reddit
342 1514 429 1546 vitae
455 1514 524 1546 vita
550 1512 696 1547 functum

242 1563 406 1595 lucentem
433 1563 466 1596 in
493 1563 592 1602 bivio,

193 1612 299 1646 Curru
322 1612 434 1644 tritum
461 1621 581 1653 corpus
600 1617 762 1652 cunctum,

244 1661 410 1693 Perditum
437 1661 594 1702 periurio.

1042 269 1090 296 Ad
1112 269 1255 297 Tertiam.

830 331 872 362 A.
903 329 1099 363 Consolatnr
1125 332 1251 369 patrem
1281 331 1452 368 maestum,

904 379 1057 410 Annuum
1083 377 1242 409 colentem
1269 376 1399 419 festum,

903 427 1024 459 Filium
1051 435 1070 458 a
1089 425 1159 458 Deo
1187 426 1299 457 datum

904 474 974 508 Sibi
1001 474 1142 507 reddens
1172 475 1384 515 captivatum.

1055 561 1100 590 Ad
1123 562 1255 589 Sextam.

864 647 871 654 .
903 622 1008 655 Fures
1036 621 1122 662 cogit
1150 621 1292 654 reddere

902 670 1053 712 Imagini,
1079 679 1161 710 quae
1188 670 1345 711 tulerant,

903 720 1043 759 Quorum
1072 719 1150 751 dato
1177 719 1314 751 verbere

903 767 1038 801 Afflicta
1064 768 1209 801 membra
1237 767 1377 800 fuerant.

1055 855 1101 883 Ad
1122 855 1249 883 Nonam.

866 943 872 950 .
904 915 964 947 Vir
991 915 1032 947 de
1058 915 1148 949 clara
1173 915 1330 955 progenie

903 964 966 996 Vas
993 973 1125 996 aureum
1153 964 1312 996 ecclesiae

902 1014 1011 1052 Vovit,
1039 1012 1101 1045 sibi
1126 1018 1235 1045 votum
1263 1010 1419 1057 [gratum]

904 1062 939 1095 Si
966 1062 1138 1095 donaverit
1163 1066 1322 1102 optatum.

973 1182 1018 1213 In
1047 1182 1079 1213 2.
1109 1181 1331 1220 Vesperis.

1027 1248 1073 1275 Ad
1095 1248 1279 1283 Magnificat.

863 1345 870 1351 .
905 1318 999 1351 Felix
1026 1322 1132 1358 pater,
1161 1317 1350 1358 gratiarum,

906 1367 1054 1409 Nicolae,
1083 1368 1248 1398 variarum

902 1417 998 1454 Dona
1017 1421 1200 1456 praestans,
1230 1416 1334 1447 caecis
1359 1415 1474 1455 visum,

902 1465 1039 1498 Functis
1066 1465 1177 1506 vitani,
1205 1466 1337 1497 maestis
1361 1465 1473 1505 risum,

901 1515 972 1547 Tua
998 1523 1096 1555 prece
1121 1514 1214 1546 nobis
1242 1515 1340 1555 dona,

901 1563 944 1597 Ut
974 1563 1103 1596 devicta
1129 1565 1238 1596 carnis
1266 1563 1358 1596 trabe

902 1613 1121 1645 Transeamus
1148 1613 1218 1645 sine
1244 1613 1319 1645 lube

900 1662 953 1694 Ad
981 1663 1132 1694 caelestis
1160 1663 1245 1695 vitae
1273 1662 1369 1697 bona.

197 1746 284 1776 offic.
305 1757 359 1776 ms.
381 1748 510 1776 Faustae
541 1748 578 1776 de
607 1751 780 1778 Bet-carinis
810 1751 842 1778 in
862 1750 995 1778 Monam.
1016 1750 1140 1777 Visitat.
1164 1749 1258 1777 BMV.
1284 1750 1368 1781 <Oi-d.
1390 1751 1477 1785 Cist.)

119 1796 198 1816 saec.
224 1786 268 1815 16.
291 1787 363 1816 Cod.
386 1787 493 1816 Senen.
515 1789 538 1816 F
560 1789 601 1816 VI
628 1787 675 1816 22.
697 1803 732 1809 —
756 1791 798 1818 In
830 1789 853 1817 1.
881 1790 987 1825 Vesp.
1011 1788 1037 1817 A
1058 1789 1086 1822 4,
1113 1789 1124 1816 l
1157 1792 1336 1826 praesentia.
1361 1804 1394 1810 —-
1427 1791 1474 1818 Ad

120 1828 252 1855 Matut.
280 1828 385 1860 Iuvit„
413 1825 430 1854 2
453 1827 620 1856 adoremus.
649 1845 685 1848 —
714 1830 756 1856 In
780 1827 804 1856 1.
827 1831 934 1857 Noct.
959 1827 987 1857 R
1008 1827 1037 1861 4,
1062 1828 1080 1857 3
1102 1838 1145 1865 sq.
1169 1829 1348 1865 umgesteut.
1373 1843 1410 1849 -·-
1432 1832 1475 1858 In

118 1865 146 1894 2.
173 1867 277 1894 Noet.
306 1865 333 1896 A
365 1865 395 1900 2,
419 1864 437 1894 2
465 1867 536 1895 Fuit
563 1868 752 1896 sublimatus.
775 1883 811 1889 —
841 1868 867 1898 A
890 1867 921 1902 2,
945 1868 963 1895 4
986 1871 1102 1896 statum
1126 1866 1316 1897 sublimatus.
1338 1885 1377 1889 —
1398 1869 1425 1898 A
1447 1869 1477 1903 3,

119 1904 138 1934 3
159 1906 359 1943 sanctaeque.
382 1920 419 1925 ——
440 1905 470 1935 R
494 1905 518 1941 1,
540 1905 557 1935 7
580 1908 762 1945 Apparente.
784 1923 822 1927 —
843 1906 873 1937 R
895 1906 922 1939 2.
948 1908 960 1935 l
985 1909 1118 1944 pertulit.
1139 1923 1171 1927 -
1196 1907 1225 1936 R
1246 1906 1273 1939 2,
1296 1908 1312 1936 7
1336 1910 1413 1937 cibo.
1436 1924 1474 1929 --

119 1944 149 1975 R
170 1943 204 1979 4,
233 1943 252 1974 8
273 1947 396 1974 conscii.
429 1961 467 1965 —
496 1947 537 1975 In
558 1944 586 1974 3.
607 1947 713 1976 Noct.
735 1946 763 1977 R
790 1947 819 1980 1,
846 1948 857 1976 l
881 1949 1029 1975 coum-ius.
1058 1961 1095 1967 —·
1118 1946 1145 1976 R
1172 1947 1201 1981 l,
1225 1948 1242 1976 2
1264 1948 1392 1984 Erepuit
1414 1953 1473 1976 tres

120 1986 235 2014 anaias.
265 2001 301 2004 —
328 1983 359 2014 R
379 1984 413 2018 2,
441 1985 459 2014 5
489 1987 654 2015 sollemni&
682 2002 720 2007 -
748 1989 789 2016 In
809 1989 925 2016 Laud.
948 1990 1069 2024 Super
1090 1988 1145 2015 Ps.
1169 1987 1206 2020 A,
1231 1988 1473 2016 Flami-nacula.

121 2025 166 2053 Ad
187 2024 298 2053 Bened.
320 2023 338 2053 6
360 2026 492 2054 Cunctis.
509 2043 546 2047 -
561 2027 585 2054 A
605 2028 695 2055 Prim.
712 2027 748 2061 Α,
774 2026 787 2056 1
809 2030 902 2055 vitam
926 2029 1015 2054 vitae.
1031 2042 1069 2047 —-
1084 2028 1171 2059 1¹›id.,
1193 2028 1211 2055 4
1234 2030 1408 2065 periurium.
1436 2043 1473 2047 —

117 2065 164 2093 Ad
184 2064 266 2093 Sext.
287 2064 323 2099 A,
344 2062 363 2092 3
385 2066 478 2095 Cuius
499 2066 579 2094 dato.

501 2192 548 2224 65.
591 2193 625 2225 111
648 2192 877 2226 Translatione
898 2201 923 2224 s.
946 2191 1076 2224 Nicolai.

921 2285 1049 2319 Tantae
1075 2286 1183 2319 laudis

973 2336 1085 2368 dotata
1114 2335 1243 2378 gaudio,

918 2383 1002 2418 Nam
1030 2384 1165 2417 lucerna

969 2434 1077 2467 latens
1103 2435 1163 2466 sub
1192 2434 1301 2466 modio

919 2482 1033 2516 Novae
1058 2483 1141 2516 lucis

970 2532 1161 2573 resplendet
1187 2532 1292 2573 radio,

1164 2588 1223 2618 11*

255 2283 301 2316 In
330 2285 362 2320 1.
389 2285 619 2327 vesperis.

299 2381 397 2419 Super
417 2382 565 2412 Psalmos.

142 2482 185 2516 A.
213 2481 329 2516 Gaude
354 2483 527 2526 plaudens,

164 2538 165 2541 ’
254 2530 363 2566 fidelis
390 2533 511 2574 contio,
