1650 2727
668 160 935 196 —137—

931 258 1046 291 Multis
1074 259 1179 290 modis
1207 260 1341 292 student
1368 268 1480 292 omnes

981 307 1130 348 Tangere
1157 307 1333 351 reliquias;

930 356 1012 388 Eius
1039 359 1170 388 sanctos
1197 355 1364 389 imitantes

979 404 1092 436 Mores
1119 404 1219 437 simus
1245 405 1396 444 humiles,

931 454 975 487 Ut
1003 462 1064 493 pro
1092 453 1186 486 nobis
1215 452 1331 486 fundat
1351 462 1479 495 preces,

979 501 1205 542 Deprecemur
1232 503 1410 544 supplices,

218 258 322 292 Nobis
349 268 410 300 per
436 267 546 290 vestra
571 258 690 291 merita

220 307 312 341 Caeli
340 308 505 341 donentur
529 306 662 348 gaudia.

311 393 358 422 Ad
379 393 573 422 Benedictus.

145 453 188 488 A.
216 452 357 486 Gestant
384 461 477 493 reges
504 457 535 484 et
563 457 730 494 magnates

267 501 423 543 Corporis
451 502 596 543 exuvias,

196 589 305 618 Officia
337 590 461 625 propria
494 592 667 617 sanctorum
704 593 733 617 et
764 589 895 617 aliarum
927 589 1126 617 festivitatum
1155 589 1270 617 ordinis
1300 589 1478 623 Salvator-is,

116 628 209 665 vulgo
231 628 262 656 S.
285 629 442 665 Birgittae,
466 630 602 657 Romano
626 629 787 656 Breviario
811 628 1054 661 accommodata,
1077 628 1233 656 recitanda
1255 637 1272 656 a
1294 630 1480 657 monialibus

118 668 296 704 Anglicanis
323 668 460 696 civitatis
489 667 748 704 Ulyssiponensis.
781 667 960 704 Ulissipone
991 666 1073 695 1690.
1103 682 1139 687 ——
1170 669 1288 696 Damus
1319 668 1481 704 mitgeteilt

117 716 178 736 von
199 707 312 736 Robert
325 707 417 736 Geete
443 708 491 734 in:
514 707 653 735 Svenska
668 707 1023 744 Litteratursiillskapets
1040 707 1189 735 Tidskrift
1203 707 1370 735 Samlaren.
1396 706 1480 740 1903,

117 745 225 775 5-11.
251 761 289 765 —-
317 747 408 774 Trotz
439 746 492 774 der
521 746 636 785 jungeri
667 746 775 781 Quelle
806 748 886 778 (eine
920 746 998 774 noch
1022 746 1151 783 jiingere
1180 748 1281 774 zitiert
1308 747 1480 783 Chevalier‚

117 787 237 822 Repert.
260 785 405 821 Hymnol.
428 786 480 813 Nr.
510 783 545 813 12
556 783 625 821 685)
645 786 752 814 nehme
774 786 822 813 ich
845 785 910 813 dies
932 784 1085 819 Officium,
1117 787 1162 813 als
1185 788 1233 814 ein
1257 786 1480 823 aug-enschein-

116 825 179 853 lich
201 825 310 853 altares
327 824 472 859 Produkt,
495 825 560 853 hier
578 825 637 853 auf.
674 825 719 852 Ad
734 825 807 853 Mat.
824 826 979 861 Hymnus:
1003 825 1187 853 Exsultet
1208 826 1294 853 aula
1317 827 1479 855 caelica.

553 979 602 1011 55.
644 979 687 1010 De
707 980 818 1010 saneto
840 978 1051 1019 Kentigerno.

262 1073 307 1105 In
338 1074 368 1106 1.
403 1073 623 1113 vesperis,

148 1160 190 1193 R.
219 1160 256 1192 In
284 1159 535 1200 septentrionali
563 1158 696 1202 Wallia‚

219 1208 293 1241 Non
320 1209 416 1251 longe
442 1209 484 1240 ab
511 1208 665 1249 Albania,

219 1257 341 1290 Sancta
368 1258 445 1290 colit
471 1258 610 1290 ecclesia

220 1306 421 1348 Kentegerni
448 1307 628 1347 sollemnia,

219 1355 278 1388 Cui
306 1355 462 1393 volatilia,

215 1404 332 1443 Ferae,
359 1405 478 1446 pisces,
506 1403 639 1437 flumina

217 1454 339 1486 Parent
364 1458 400 1486 ut
427 1454 589 1493 mancipia

214 1502 357 1535 Domino
385 1501 528 1536 clientia.

145 1551 186 1584 V.
212 1550 294 1584 Eius
319 1550 400 1584 flatu
425 1550 535 1584 facula

215 1599 330 1642 Sopita
355 1610 416 1643 pro
442 1601 567 1635 invidia

214 1649 433 1682 succenditur
457 1650 490 1682 in
518 1649 630 1684 Scotia

215 1699 293 1732 Sine
319 1699 404 1740 ignis
432 1700 579 1733 materia.

315 1796 361 1823 Ad
381 1796 566 1832 Magnificat.

138 1857 181 1890 A.
208 1856 305 1889 Alme
331 1857 465 1898 praesul
492 1858 711 1899 Kentegerne‚

260 1906 393 1939 laudum
423 1906 520 1947 digne
545 1906 659 1946 iubilo,

211 1956 272 1996 Qui
302 1955 377 1988 dum
406 1955 513 1988 lumen
538 1956 712 1989 tenebroso

261 2005 443 2046 praebuisti
469 2006 604 2047 populo,

214 2053 286 2087 Lux
313 2054 466 2087 scintillis
491 2054 689 2096 splenduisti

261 2103 386 2137 crebris
412 2104 446 2136 in
473 2104 684 2148 candelabro,

211 2153 287 2186 Tibi
311 2153 426 2186 laudes
455 2154 672 2187 decantantes

259 2206 472 2245 repraesenta
498 2203 650 2237 Domino.

249 2332 313 2366 Ad
339 2333 619 2367 Matutinum.

318 2396 543 2425 Invitatorium.

207 2471 369 2506 Caelestis
395 2480 507 2513 regem
533 2471 663 2512 patriae

205 2521 392 2556 Adoremus
417 2522 566 2560 cottidie,

928 1071 987 1111 Qui
1019 1072 1261 1112 Kentegernum
1291 1071 1388 1105 hodie

928 1120 1103 1153 Coronavit
1131 1120 1286 1161 glorifice.

970 1268 1013 1300 In
1044 1269 1072 1301 1.
1104 1267 1338 1301 Nocturno.

1053 1344 1255 1380 Antiphonae.

870 1435 902 1468 1.
930 1434 1039 1475 Stirps
1066 1434 1187 1474 regalis
1216 1434 1449 1469 Britannorum

977 1483 1221 1525 Kentegernum
1250 1484 1397 1527 protulit,

926 1534 1026 1572 Quem
1039 1533 1213 1573 Servanus„
1227 1533 1276 1564 vir
1288 1543 1351 1566 non
1365 1543 1477 1577 vanuS‚

974 1581 1120 1614 Litteras
1148 1582 1288 1617 edocuit.

865 1680 898 1714 2.
923 1681 991 1713 Iste
1017 1679 1058 1712 ab
1086 1678 1224 1713 infantia

974 1730 1086 1768 Iugum
1115 1733 1250 1768 portans
1278 1730 1411 1763 Domini

924 1778 1111 1811 praesulari
1139 1779 1287 1819 stragula

975 1828 1159 1861 Promeruit
1186 1828 1288 1863 indui.

863 1927 895 1961 3.
923 1926 1137 1959 Aemulorum
1166 1926 1299 1959 ausibus

922 1976 1042 2009 Obviat
1068 1977 1225 2017 puerulus

922 2027 1031 2059 Vitam
1061 2026 1169 2058 dando
1197 2026 1330 2067 volucri,

921 2076 1023 2116 Quam
1052 2079 1207 2107 necarant
1234 2075 1351 2110 invidi.

1041 2193 1252 2229 Respousoria.

861 2274 893 2307 1.
921 2272 1044 2305 Christi
1072 2272 1164 2304 miles
1194 2274 1436 2315 Kentegemus,

970 2321 1086 2362 plenus
1115 2322 1177 2354 Dei
1204 2323 1320 2365 gratia,

919 2371 1001 2412 Regi
1029 2381 1141 2413 regum
1167 2371 1322 2404 militavit

969 2419 1010 2453 ab
1037 2420 1274 2459 adulescentia,

919 2470 981 2511 Qui
1006 2480 1068 2511 per
1093 2480 1166 2502 eum
1193 2469 1365 2510 ampliavit

971 2519 1149 2552 electorum
1176 2520 1316 2561 agmina,
