1650 2727
697 137 941 174 -59—

595 251 642 284 72.
684 248 728 283 De
751 251 852 284 Beata
874 250 976 283 ituria
998 251 1034 282 V.

657 322 803 359 Tempore
825 322 975 351 Paschali.

154 410 185 445 1.
214 409 378 444 Concordi
403 410 529 444 laetitia
859 412 892 444 3.
920 411 1022 452 Quam
1050 415 1209 443 concentu
1236 411 1332 451 parili

210 459 376 500 Propulsa
401 459 566 493 maestitia
922 459 1023 492 Chori
1049 460 1185 492 laudant
1213 460 1337 499 caelici,

208 507 339 541 Mariae
365 509 541 550 praeconia
916 508 961 540 Et
987 517 1046 540 nos
1073 517 1145 540 cum
1172 508 1367 541 caelestibus

210 555 350 590 Recolat
375 556 524 592 ecclesia,
921 557 1047 590 Novum
1075 558 1176 589 melos
1206 557 1386 598 pangimus.

258 605 361 647 Virgo
385 606 504 639 Maria.
967 605 1068 647 Virgo
1092 606 1212 640 Maria.

152 704 184 737 2.
211 702 301 742 Quae
327 701 417 735 felici
443 702 562 744 gaudio
843 701 891 737 ’4.
921 704 946 736 O
973 704 1086 744 regina
1113 704 1284 744 virginum,

210 751 408 792 Resurgenti
435 751 502 784 filio
921 752 1013 784 Votis
1039 751 1114 785 fave
1141 757 1332 792 poscentum

209 800 342 834 Floruit
368 804 404 833 ut
429 800 532 833 lilium
917 801 959 833 Et
988 806 1063 842 post
1089 802 1204 834 mortis
1232 801 1374 834 stadium

211 850 328 883 Vivum
357 859 492 882 cernens
520 849 632 885 filium.
922 851 1014 884 vitae
1042 850 1157 883 confer
1183 851 1341 883 bravium.

259 899 360 940 Virgo
386 899 506 934 Maria.
967 900 1064 939 Virgo
1091 900 1208 933 Maria.

593 1001 624 1031 5.
654 998 805 1030 Gloriosa
832 998 972 1040 trinitas,

655 1047 801 1079 Indivisa
829 1048 946 1090 unitas,

656 1095 705 1129 Ob
732 1095 859 1128 Mariae
886 1097 1001 1128 merita

655 1145 726 1177 Nos
754 1145 845 1177 salva
871 1155 932 1185 per
955 1147 1095 1178 saecuta.

707 1194 804 1234 Virgo
832 1194 950 1227 Maria.

214 1290 367 1325 Clement,
393 1291 495 1323 Felix,
524 1290 621 1319 Choix
643 1291 696 1319 (les
719 1291 902 1328 principales
925 1291 1095 1328 Sequenccs
1120 1292 1161 1319 du
1184 1301 1376 1328 numen-age,
1404 1292 1491 1319 Paris

136 1327 219 1363 1861,
242 1329 271 1358 S.
295 1328 342 1359 86.
366 1329 454 1367 „Tire
475 1327 546 1358 d’un
569 1331 733 1358 manuscrit
754 1332 794 1358 (lu
816 1331 891 1359 xvv
917 1331 1017 1362 siecle,
1041 1332 1093 1367 qui
1118 1340 1194 1360 nous
1217 1330 1416 1368 appartient*

588 1467 636 1498 73.
678 1467 720 1497 De
742 1466 843 1497 Beata
864 1465 966 1498 Maria
989 1466 1023 1497 V.

414 1559 442 1593 1.
469 1559 507 1591 In
535 1559 683 1591 trinitate
710 1558 859 1590 consistit
884 1557 1055 1599 perfectio,

467 1608 507 1640 ln
535 1608 683 1640 trinitate
709 1608 795 1640 vitae
824 1612 888 1640 stat
914 1606 1063 1646 refectio,

467 1658 505 1689 In
534 1657 682 1690 trinitate
708 1657 868 1697 graduum
895 1657 1056 1701 collectio,

517 1707 561 1739 Et
587 1707 619 1739 in
648 1707 796 1739 trinitate
824 1706 905 1739 caeli
932 1707 1135 1739 radicantur.

467 1756 505 1789 In
528 1755 586 1788 illo
612 1764 747 1788 numero
773 1755 862 1788 Deus
889 1754 1019 1788 trifario

469 1806 571 1838 Modo
595 1805 743 1847 providit
767 1805 860 1838 nobis
887 1806 1066 1845 ordinario,

469 1855 644 1896 Aspiciens
669 1856 710 1887 de
737 1855 818 1887 caeli
847 1854 1016 1891 viridario,

517 1905 555 1937 In
582 1913 646 1946 quo
672 1904 755 1936 lucis
781 1904 841 1936 filii
869 1905 940 1936 sine
964 1904 1029 1937 tine
1054 1904 1233 1937 laetantur.

466 1954 635 1988 Extremis
661 1954 803 1986 medium
831 1954 927 1986 simul
958 1953 1122 1995 compegit

467 2003 630 2046 Magister
655 2003 743 2036 omni
767 2004 800 2035 in
825 2003 998 2043 sapientia,

468 2053 557 2087 Illud
584 2052 699 2086 videns
722 2053 852 2086 Mariae
875 2053 1088 2093 providentia

468 2103 672 2143 Interpretcs
700 2102 939 2145 circumspecta
964 2101 1145 2143 sententia3

467 2152 559 2186 Tunc
587 2152 773 2193 tripartitae
801 2151 962 2192 portionis
991 2151 1150 2193 optimam
1178 2150 1287 2192 elegit.

411 2254 444 2286 2.
470 2252 571 2286 Disce
598 2250 788 2293 praecelsae
813 2250 948 2291 virginis
975 2249 1149 2290 magnalia,

467 2300 625 2336 Efficitur
651 2298 868 2341 suppeditans
896 2300 1041 2332 carnalia

468 2351 580 2385 Mater
607 2350 669 2383 Dei
695 2357 785 2390 vera,
811 2357 876 2381 non
900 2348 976 2387 alia.

520 2400 613 2433 Haec
639 2398 680 2431 ab
707 2401 842 2431 aeterno
868 2407 924 2430 vas
951 2398 1091 2430 electum
1116 2396 1234 2430 meruit
1260 2397 1380 2429 vocari.

469 2449 563 2484 Haec
589 2452 638 2481 est
665 2447 788 2480 deserti
813 2450 910 2487 petra
935 2445 1128 2487 Moabffica,

469 2497 521 2532 De
547 2507 612 2540 qua
637 2496 722 2530 bibit
748 2505 864 2538 aquam
892 2495 990 2529 turba
1016 2495 1159 2537 levitica,
