1650 2727
673 122 916 158 -88-

163 221 197 252 5.
226 220 385 260 Impletae
411 223 487 252 sunt
513 220 718 262 prophetiae,

223 268 309 307 Quas
335 269 503 308 praedixit
529 270 687 302 Ieremiae

272 316 399 349 Nobilis
427 316 590 358 facundia,

224 363 404 398 Ierusalem
430 366 490 398 sub
516 367 640 399 tributo

228 414 392 456 Corporeo
419 416 521 448 servit
546 421 647 455 scuto,

275 464 422 496 Christus
449 463 519 496 obit
545 464 660 497 hostia.

167 583 199 614 ὅ.
228 581 307 614 Palo
335 589 470 621 serpens
497 581 671 622 exaltatur,

221 629 266 661 Et
292 629 413 662 Iudaea
441 629 598 661 liberatur

271 678 387 720 Ignitis
416 678 624 717 draconibus,

224 726 375 759 Christus
402 728 434 758 in
463 736 557 758 cruce
583 728 722 768 levetur,

222 776 328 808 Homo
358 777 475 807 vermis
503 779 704 816 expurgatur

275 827 303 857 A
332 825 397 855 suis
424 824 639 865 squaloribus.

865 220 898 255 8.
927 220 1089 261 Christus,
1115 223 1208 252 actor
1232 217 1378 260 pietatis.

926 269 965 302 In
991 269 1113 302 virtute
1139 267 1345 308 baptismatis

975 317 1043 350 Nos
1071 318 1223 359 dignetur
1247 321 1393 356 tergere3

926 367 965 399 In
989 367 1114 398 honore
1139 365 1222 397 tanti
1247 363 1345 404 regis,

927 414 1031 447 Nobis
1058 418 1105 446 est
1131 413 1186 455 qui
1210 411 1304 445 fortis
1329 412 1429 454 aegis,

977 462 1102 495 Cuncto
1129 464 1224 495 decet
1249 460 1419 502 plaudere.

867 581 898 613 9.
929 580 1034 620 Ergo,
1064 579 1188 614 doctor,
1216 578 1271 618 qui
1296 587 1354 609 nos
1380 576 1474 610 foves

930 628 1142 660 Documentis
1169 630 1201 658 et
1227 635 1374 658 removes

977 678 1077 710 Posse
1103 681 1157 708 tuo
1184 675 1273 716 vitia,

927 726 1018 765 Iube,
1046 725 1133 765 quod
1159 728 1209 755 est
1233 725 1266 756 in
1294 723 1425 763 Catone,

930 774 1041 807 Fessis
1069 774 1171 805 dixit:
1198 773 1370 812 interpone

979 823 1058 855 Tuis
1085 821 1172 853 curis
1198 822 1328 861 gaudia.

848 941 902 974 10.
931 940 1037 972 Valde
1063 948 1172 971 sumus
1200 937 1339 981 fatigati,

930 990 1050 1022 Parum
1077 997 1186 1020 sumus
1210 988 1348 1020 relaxati

979 1038 1048 1070 Nos
1077 1040 1232 1070 vacantes
1258 1037 1386 1078 studio;

930 1086 1041 1118 Labor
1066 1085 1187 1127 frangit
1214 1091 1329 1117 cuncta
1357 1086 1449 1129 dura,

932 1135 1033 1168 Nulla
1057 1144 1109 1166 res
1136 1139 1185 1167 est
1213 1135 1380 1172 duratura,

980 1184 1014 1217 Si
1043 1184 1127 1216 desit
1154 1185 1313 1223 pausatio.

189 966 195 972 .
223 941 387 981 Quidquid
416 940 476 973 fuit
503 941 536 972 in
563 941 737 981 scripturis

224 989 330 1029 Signis
359 990 480 1021 dictum
508 994 539 1021 et
565 990 689 1030 figuris,

273 1039 391 1070 Patens
419 1042 466 1070 est
495 1038 536 1070 ad
564 1038 703 1076 oculum,

224 1087 408 1119 Erubescat
436 1096 520 1119 nunc
547 1087 698 1125 Iudaeus,

225 1136 284 1175 Qui
310 1145 372 1167 non
393 1135 507 1176 credit,
528 1136 612 1176 quod
632 1136 674 1166 sit
694 1136 784 1168 Deus

273 1185 382 1217 Morte
409 1186 538 1217 salvans
567 1185 733 1225 populum.

206 1301 333 1329 Collect.
360 1310 413 1327 ms.
436 1301 624 1328 Victorinum
647 1310 723 1328 saec.
750 1298 792 1327 13.
816 1298 858 1336 [et
881 1297 940 1336 14.]
962 1300 1033 1328 Cod.
1057 1300 1186 1327 Parisin.
1213 1297 1319 1327 11412.
1342 1314 1378 1318 -
1402 1299 1431 1333 1,
1459 1296 1479 1326 2

127 1341 293 1368 inundetur.
325 1355 361 1359 —
389 1341 420 1370 u,
452 1340 465 1367 1
491 1340 584 1367 Pauo.
612 1355 647 1358 -
675 1338 709 1371 6,
735 1337 753 1366 G
782 1339 960 1367 scaloribus.
990 1354 1025 1358 -—-
1057 1339 1100 1366 Zu
1126 1340 1185 1367 Str.
1207 1337 1223 1366 7
1249 1338 1310 1373 νεὶ.
1338 1339 1389 1366 Nr.
1413 1335 1480 1373 101,

128 1383 184 1407 Str.
208 1378 234 1407 9.
260 1396 295 1399 —-
321 1377 364 1408 10.
386 1380 403 1407 3
426 1383 579 1415 vagantes.
602 1393 638 1397 ——
661 1379 720 1407 Cfr.
743 1378 879 1406 Dumeril
901 1379 956 1412 ΙΙΙ,
980 1377 1037 1406 295
1059 1387 1124 1414 sqq.

532 1553 596 1585 105.
638 1553 697 1585 Pro
719 1552 894 1585 vacatione
915 1552 1075 1584 paschali.

170 1667 199 1698 1.
228 1665 326 1703 Ecce,
356 1664 425 1696 dies
452 1664 575 1707 gaudii,
877 1665 908 1698 3.
937 1664 1029 1697 Mors
1056 1665 1167 1696 minax
1194 1667 1224 1695 et
1252 1663 1360 1704 effera,

278 1714 356 1745 Dies
388 1713 540 1754 gloriosa,

228 1761 311 1796 Dies
340 1762 495 1794 desiderii

279 1811 422 1851 Diesque
448 1812 568 1853 iocosa,

228 1861 264 1892 In
293 1869 356 1900 qua
383 1858 443 1891 fuit
462 1858 521 1891 filii

278 1909 361 1941 Caro
388 1908 544 1949 pretiosa,

228 1958 375 1990 Crimina
399 1961 512 1989 nostra
539 1958 644 1997 piam,

278 2015 338 2046 pro
366 2005 510 2045 peccatis
537 2015 684 2047 operosa.

169 2126 200 2157 2.
229 2123 370 2156 Mortem
397 2123 492 2155 nobis
518 2123 673 2163 praebuit

276 2172 392 2204 Morsu
419 2172 541 2204 noxiaii

229 2222 339 2254 Prima
365 2229 496 2261 parem,
524 2220 637 2252 statuit

277 2270 380 2311 Ligno
405 2269 596 2309 triumphali

226 2319 314 2352 Mori
340 2318 441 2360 Deus,
469 2318 571 2350 votuit

277 2369 396 2401 Tactos
420 2368 494 2400 labe
520 2367 597 2398 mali
619 2360 623 2363 ’

229 2417 281 2450 Sic
309 2426 435 2458 quoque
462 2416 589 2449 restitui

279 2469 414 2507 peccato
440 2475 498 2499 nos
525 2465 697 2500 criminalss,

984 1713 1077 1745 Mors
1103 1722 1165 1754 pro
1188 1722 1298 1744 morsu
1324 1713 1392 1745 lata

937 1762 1099 1801 Vincitur,
1128 1761 1170 1794 ad
1195 1760 1303 1794 infera

986 1811 1103 1844 Victor
1128 1819 1210 1851 pace
1236 1811 1313 1843 data

937 1859 1083 1902 Transit,
1112 1859 1191 1892 sede
1217 1860 1336 1892 misera

984 1909 1100 1941 Traxit
1127 1908 1295 1947 collocata,

937 1957 1122 1997 Nostraque
1148 1962 1284 1998 peccata

985 2010 1059 2038 sunt
1091 2006 1134 2038 ad
1161 2006 1289 2038 veniam
1315 2010 1482 2040 revocata.

898 2149 906 2156 .
936 2123 1041 2164 Luget
1068 2122 1146 2155 Sion
1173 2124 1284 2155 nescia

987 2171 1144 2205 Piimitus
1171 2171 1305 2216 doloris,

934 2220 1078 2252 Hebraei
1104 2220 1249 2261 nequitia

983 2270 1143 2302 Laetatur
1169 2270 1291 2301 erroris

933 2318 1151 2351 Contemnens
1177 2319 1335 2358 remedia,

983 2367 1082 2400 Unda
1108 2368 1168 2400 sed
1196 2369 1322 2400 ciuoris

931 2416 1127 2449 Antidotum
1154 2416 1251 2449 nobis

982 2463 1043 2498 fuit
1071 2469 1103 2497 et
1129 2465 1291 2499 medicina
1317 2466 1455 2502 doloris.
