1650 2727
773 144 995 180 -9-

617 242 719 282 Quam
748 241 865 274 devote
891 242 940 274 sic
965 241 1082 282 finivit,

617 291 710 330 Quod
737 290 913 323 caelestem
938 291 1122 332 acquisivit.

615 339 714 381 Ergo,
743 339 884 381 Christe,
912 344 944 372 te
970 349 1132 380 rogamus7

617 388 717 421 Cuius
744 397 815 420 esse
841 398 900 421 uos
926 391 1089 431 optamus,

616 437 659 470 Ut
687 447 746 477 pro
773 436 867 470 nobis
894 438 937 470 sit
963 436 1132 470 confessor

613 487 666 518 Ad
697 492 728 517 te
754 486 829 527 pius
855 487 1062 519 intercessor.

298 573 367 609 Ein
385 572 662 617 Responsorium
692 571 756 608 auf
779 572 837 607 die
861 573 908 608 hl.
929 572 1128 608 Katharina
1147 584 1215 608 von
1236 572 1342 608 Siena
1362 575 1553 610 entnehme

200 631 257 667 ich
293 632 373 668 dem
400 630 741 667 handschriftlicheu
768 631 876 667 Liber
902 632 1045 667 divinae
1073 632 1256 667 doctrinae
1283 632 1347 666 der
1376 632 1550 677 Heiligen,

202 689 434 727 Handschrift
460 691 523 726 des
552 690 966 727 Dominikanerklosters
992 702 1035 726 zu
1065 690 1169 726 Wien
1192 691 1252 726 Nr.
1284 692 1338 725 12⁸.
1366 702 1457 728 saec.
1491 694 1551 727 15:

543 780 582 814 R.
610 781 637 814 O
664 789 754 821 spem
782 780 908 820 miram,
936 791 1031 821 quam
1060 780 1191 818 dedisti,

612 830 697 862 Dum
726 829 835 861 vixisti
864 829 939 872 (et),
969 830 1044 862 dum
1073 831 1230 863 transisti.

610 879 716 918 Filiis,
744 888 824 919 quos
852 879 1008 921 dilexisti,

611 928 695 960 Dum
724 932 756 959 te
781 928 861 967 ipsis
889 927 1095 969 profuturum

616 978 690 1009 Post
716 980 852 1008 mortem
881 977 1072 1018 promisisti,

614 1026 681 1058 Nos
708 1026 772 1058 tuis
799 1025 873 1058 iuva
901 1026 1065 1067 precibus,

611 1075 725 1116 imple,
755 1079 870 1110 mater.
899 1084 981 1115 quae
1009 1075 1134 1107 dixisti.

541 1124 579 1156 V.
609 1128 698 1163 Quae
724 1127 772 1155 tot
799 1123 900 1164 signis
928 1124 1075 1156 claruisti

610 1173 653 1205 Et
681 1171 856 1204 virtutibus
884 1172 1016 1213 fulsisti,

611 1222 714 1254 Nobis
741 1230 835 1262 opem
864 1221 951 1254 feras
981 1222 1114 1254 Christi.

294 1309 381 1345 Drei
408 1309 603 1344 vereinzelt
629 1309 801 1344 stehende
829 1308 1055 1355 Antiphonen
1084 1309 1147 1345 auf
1171 1310 1228 1345 die
1257 1310 1334 1345 HH.
1357 1310 1547 1353 Ausonius,

193 1368 371 1411 Barbara,
417 1368 607 1414 Christoph
647 1367 799 1403 entbielt
839 1368 901 1404 das
944 1369 1035 1403 1542
1076 1379 1118 1403 zu
1159 1369 1310 1404 Poitiers
1350 1371 1547 1409 gech-neme

196 1426 346 1463 Brevier
372 1438 441 1463 von
467 1426 619 1463 Saintes.

698 1512 741 1543 De
764 1515 874 1544 sancto
894 1512 1043 1544 Ausonio.

224 1595 266 1627 A.
294 1596 320 1629 Ο
348 1599 462 1637 pastor
486 1595 580 1627 huius
607 1596 746 1637 patriae,
998 1596 1134 1636 Angelis
1163 1597 1392 1629 comitantibus

287 1644 424 1687 Ausoni‚
454 1645 519 1676 dux
546 1645 685 1686 egregie.
995 1647 1025 1678 A
1053 1645 1124 1677 loco
1153 1646 1215 1678 fusi
1243 1647 1409 1687 sanguinis

287 1694 348 1735 Qui
376 1702 436 1734 per
462 1702 591 1734 gregem
619 1695 811 1734 martyrium
995 1695 1048 1726 Ad
1078 1695 1183 1727 locum
1212 1696 1257 1727 tui
1285 1696 1432 1737 nominis,

289 1743 424 1781 Subisti.
454 1747 552 1783 caput
579 1743 745 1784 proprium
996 1744 1061 1776 Ora
1086 1753 1146 1784 pro
1174 1745 1234 1777 hac
1263 1744 1387 1777 familia

290 1791 452 1825 Deferens
480 1793 543 1824 tuis
570 1792 718 1825 manibus
997 1793 1101 1825 Deum
1129 1795 1160 1825 in
1190 1795 1271 1826 caeli
1300 1795 1418 1834 patria.

646 1923 688 1954 De
710 1924 821 1954 sancto
846 1922 1087 1964 Ghristophoro.

222 2008 265 2040 A.
293 2007 319 2040 O
347 2005 594 2046 Christophore‚
623 2007 751 2047 respice
996 2007 1042 2038 Te
1069 2006 1242 2049 diligentes
1270 2008 1371 2039 unice.

334 2056 403 2089 Nos
430 2054 564 2097 pietatis
590 2055 685 2088 oculo
1046 2056 1092 2088 Te
1120 2060 1312 2088 venerantes
1341 2056 1466 2097 scdulo,

287 2105 355 2140 Sub
383 2105 478 2138 huius
504 2104 613 2138 adhuc
640 2104 787 2137 lubricae
998 2105 1140 2138 Consors
1168 2106 1249 2138 lucis
1277 2106 1457 2145 angelicae.

337 2155 454 2188 Carnis
489 2159 655 2195 gementes
687 2154 836 2193 vincu103
1048 2154 1139 2187 Caeli
1167 2155 1335 2187 subscribe
1365 2155 1469 2189 titulo.

1191 2232 1216 2247 ἢ
1242 2237 1253 2251 Ἴ,

684 2273 728 2304 De
753 2274 866 2305 sancta
888 2273 1046 2304 Barbara.
1189 2241 1220 2273 ⁸⁶
1241 2254 1288 2310 ⁸⁸.
1351 2314 1360 2330 >

502 2358 540 2388 A.
571 2357 596 2390 O
623 2355 684 2388 flos
711 2355 830 2396 campi,
859 2355 970 2388 lucida
996 2354 1108 2388 facies.
1205 2391 1207 2398 Ι
1227 2364 1293 2403 μὴ·

571 2406 630 2445 Tc.
659 2405 820 2443 Barbara,
848 2406 1009 2438 mirantur
1035 2405 1132 2440 acies,

570 2455 618 2488 Te
645 2458 775 2487 tuentes
803 2453 970 2488 confortat
997 2455 1123 2495 species
1220 2442 1249 2469 V·
1266 2430 1342 2469 ’ΥΞ

570 2504 652 2546 Tua,
680 2513 740 2545 per
766 2512 863 2545 quam
889 2504 933 2537 sit
957 2503 1052 2537 uobis
1080 2505 1220 2546 requies.
