1650 2727
276 288 378 324 Quam
405 289 513 318 mente
540 287 673 320 volvens
699 286 800 320 tacite

275 333 386 367 Mater
411 336 582 376 respondit
608 336 752 369 concite:

327 385 520 417 Immensum
549 385 608 417 tibi
635 385 788 427 gaudium

326 433 463 473 Figurat
490 433 551 465 hoc
577 433 790 475 praesagium.

242 507 248 514 .
277 481 426 514 Clu-istus
454 482 514 515 Dei
541 482 627 515 filius

277 530 459 573 Galganum
487 531 662 571 specialius

326 580 423 613 Suum
452 584 547 611 vocat
574 589 633 621 per
659 580 817 613 nuntium.

241 701 249 708 .
277 676 504 717 Arclrangelus
529 678 683 718 apparuit

277 725 464 765 lteratoque
491 727 613 758 monuit

327 774 518 814 Galganum,
547 785 581 807 se
607 778 769 814 sequatur,

274 824 329 855 Ad
356 822 474 854 flumen
502 832 650 866 magnum
671 823 814 855 veniunt.

275 871 501 904 Molendiuum
529 872 743 912 conspiciunt,

324 920 415 960 Quod
443 920 488 950 ibi
516 920 696 957 rotabatur,

229 968 249 1001 ⁷.
278 968 442 1000 Decursus
470 969 687 1008 praesentium

278 1017 515 1048 Mundunorum
545 1016 708 1057 fragilium

327 1066 388 1097 Illo
416 1065 626 1106 figurabatur.

249 1186 255 1193 .
284 1161 464 1193 'I'ransacto
490 1167 588 1201 ponte
616 1161 704 1193 fluvii

278 1209 408 1242 l'ratum
436 1209 550 1242 florum
578 1211 745 1250 reperiunt

325 1259 443 1290 Otloris
471 1259 610 1298 mirifici,

277 1308 467 1338 Ascendunt
495 1312 633 1339 montem
662 1307 762 1347 Sepii,

276 1355 414 1387 Domum
440 1355 503 1395 ipsi
531 1356 734 1396 conspiciunt

326 1405 443 1436 Caetus
471 1401 736 1447 [archangelici];

281 1452 361 1484 Erat
391 1453 503 1485 domus
531 1452 609 1485 baec
636 1453 786 1493 rotunda,

277 1501 342 1533 Ubi
369 1501 464 1532 turba
490 1504 553 1532 stat
580 1502 722 1534 iucunda

330 1550 467 1581 Senatus
494 1550 665 1591 magnifici.

224 1671 248 1678 Α.
280 1646 412 1678 l.ibrum
439 1646 568 1679 iubetur
593 1648 718 1688 tollere⁷

277 1694 478 1726 Yersiculum
506 1695 591 1727 hunc
619 1696 738 1736 legere,

323 1744 452 1775 Literas
479 1744 532 1784 qui
559 1745 737 1785 ignoravit:

323 1793 362 1825 In
389 1793 551 1832 potentius
579 1793 713 1824 intravit

373 1841 485 1873 Divini
511 1850 634 1873 memor
659 1842 820 1882 nominis;

225 1889 251 1921 '.
280 1889 457 1930 Imaginem
485 1891 675 1932 speciosam,

278 1941 379 1976 Quam
407 1939 555 1979 cognovit
583 1939 769 1982 gloriosam,

374 1987 462 2019 vidit
490 1988 550 2019 Dei
579 1992 609 2019 et
638 1987 791 2022 hominis.

308 2162 352 2193 In
388 2163 421 2195 2.
459 2162 693 2197 Nocturno.

398 2259 599 2296 Antiplionae.

244 2403 252 2411 .
282 2377 430 2413 Domine,
458 2377 528 2409 sine
554 2379 681 2411 macula

329 2427 517 2468 Ingreditur
543 2437 711 2469 possessor

280 2476 318 2509 ln
343 2480 400 2509 tua
426 2476 637 2510 tabernacula

326 2526 414 2559 Tuus
439 2526 493 2558 hic
519 2525 696 2559 confessor.

821 189 962 224 82—

878 289 911 322 2.
939 287 1089 330 Domine,
1117 286 1294 320 laetabitur

987 337 1025 369 In
1053 337 1173 368 virtute
1198 340 1254 369 tua

939 385 1088 428 Sanctus,
1115 385 1169 426 qui
1195 385 1380 418 servabitur

988 434 1023 467 In
1052 435 1196 475 puritate
1223 444 1292 467 sua.

903 567 911 575 .
939 542 1070 575 Domini
1097 546 1143 573 est
1172 542 1277 582 gratia

989 590 1134 631 Regnum
1162 596 1410 632 praeparatum,

942 639 1003 678 Qui
1030 643 1139 670 servat
1165 639 1350 671 innocentia

989 688 1056 722 Cor
1081 687 1334 721 immaculatum.

905 822 912 828 .
940 794 1072 827 Exaudi
1098 795 1276 828 orationem

989 843 1109 884 Meam,
1136 843 1236 883 Deus„
1264 853 1326 884 qua
1347 843 1520 884 deprecor.

942 891 1076 923 Patefac
1103 892 1315 932 sanationem,

989 939 1054 972 Pro
1079 949 1142 979 qua
1177 940 1345 972 confracta
1371 940 1521 975 tribulor.

885 1050 915 1079 ·”.
941 1046 986 1078 Te
1015 1046 1107 1078 decet
1134 1045 1272 1086 hymnus
1303 1047 1400 1079 hodie

992 1094 1131 1134 Galgani
1158 1103 1269 1126 vocem
1294 1096 1443 1137 audiens,

942 1143 1011 1175 Rex
1039 1148 1190 1174 aeternae
1217 1143 1352 1184 gloriae,

991 1192 1146 1225 Fractum
1173 1199 1281 1224 ensem
1310 1192 1470 1227 reficiens.

898 1303 917 1333 '.
946 1299 1068 1331 Bonum
1098 1298 1158 1330 tibi
1186 1299 1344 1339 confiteri,

993 1347 1140 1380 Creatori
1167 1348 1320 1387 omnium,

944 1397 1003 1428 cui
1030 1405 1159 1436 semper
1184 1397 1331 1428 misereri

992 1445 1068 1478 Fuit
1095 1449 1125 1476 et
1153 1448 1201 1475 est
1229 1445 1410 1485 proprium.

1094 1571 1307 1605 Responsoria.

907 1666 913 1672 .
943 1638 1026 1671 Dum
1053 1640 1095 1671 ad
1122 1644 1262 1672 castrum
1291 1641 1464 1676 Civitellae

992 1689 1115 1729 Pergit.
1143 1697 1243 1728 equus
1271 1694 1360 1722 stans
1384 1691 1417 1723 in
1436 1694 1489 1726 via

944 1736 1050 1777 Prope
1077 1742 1218 1769 castrum
1245 1739 1391 1779 Ligriani

993 1786 1197 1818 contradicit
1223 1797 1281 1819 suo
1308 1789 1413 1829 velle3

945 1833 1054 1866 Motus
1081 1839 1153 1866 orat
1180 1844 1258 1867 voce
1285 1837 1357 1877 pia:

990 1883 1090 1926 Deus,
1121 1884 1225 1924 dirige
1253 1885 1448 1927 Galganum,

900 1931 921 1964 ’.
942 1931 1085 1964 Primum
1108 1933 1217 1964 Adam
1240 1935 1295 1974 qui
1319 1935 1499 1977 plasmasti,

944 1979 1027 2012 Mihi
1055 1990 1180 2021 quoque
1208 1983 1440 2017 demonstrasti

970 2028 1132 2071 Spernere
1141 2030 1224 2062 hunc
1233 2033 1386 2065 mundum
1396 2044 1525 2069 vanum.

909 2161 915 2168 .
947 2137 1046 2168 Preee
1074 2136 1153 2168 fietu
1179 2141 1355 2173 terminata

991 2186 1103 2226 Equus
1130 2191 1219 2218 motu
1245 2189 1380 2229 proprio

943 2234 1054 2275 Pergit
1081 2235 1244 2268 condenso
1271 2247 1402 2270 nemore

942 2282 1067 2315 Sistens
1092 2284 1126 2315 iu
1152 2290 1261 2318 monte
1288 2286 1388 2327 Sepii‚

942 2331 1007 2364 Ubi
1033 2337 1143 2365 manet
1170 2332 1236 2367 fixa
1261 2340 1355 2376 spata

991 2382 1055 2414 Per
1081 2391 1153 2413 eum
1179 2385 1266 2416 omni
1293 2391 1452 2426 tempore.
1500 2412 1508 2421 .

882 2430 926 2464 V.
946 2429 1032 2463 Vera
1059 2440 1138 2464 crux
1165 2441 1242 2465 ense
1268 2434 1427 2477 signatur,

943 2479 1032 2520 Quae
1058 2489 1118 2521 per
1144 2487 1291 2515 sanctum
1321 2483 1501 2518 honoratur

992 2529 1194 2562 Mortificato
1221 2541 1369 2574 corpore.
