1650 2727
702 132 942 169 -89-

155 227 190 262 5.
216 227 382 263 Praesens
406 229 639 271 proposuimus
866 233 898 267 6.
926 231 1017 272 Ergo
1042 230 1202 265 beneficio

265 277 442 312 Celebrate
468 276 599 320 festum,
974 279 1111 312 Vestrae
1137 281 1270 320 pietatis

214 325 241 359 Ο
269 327 374 368 dolor,
402 335 499 368 quam
526 327 622 360 citius
925 328 1020 361 Illico
1046 338 1118 361 cum
1145 329 1265 369 gaudio

263 374 422 409 Nostrum
446 375 544 416 placa
567 380 728 417 questum,
973 377 1078 410 Nobis
1105 377 1291 411 concedatis

215 423 350 458 Ponitus
376 424 534 467 exuimus,
924 425 969 458 Et
994 426 1144 459 morandi
1170 427 1281 459 taedio

264 473 431 515 Quidquid
457 476 507 506 est
532 474 719 515 molestum,
804 497 809 500 -
976 474 1049 507 Non
1076 484 1134 507 nos
1161 474 1337 517 affligatis,

218 520 318 562 Cura,
345 522 426 564 quid
451 522 620 563 expediat,
925 524 1009 564 Quia
1034 523 1150 564 procul
1177 523 1278 556 dubio

267 579 332 603 non
351 574 412 612 est,
427 570 485 604 sed
500 571 579 612 quid
594 571 636 604 sit
652 571 834 605 honestum.
973 572 1085 605 nocuit
1111 572 1244 605 differre
1270 572 1407 614 parati-⁶³.

376 648 428 681 Da
451 648 576 682 licitum
604 650 718 690 gratis,
748 659 806 682 nos
832 659 901 682 mos
929 654 978 682 est
1005 650 1120 683 ludere
1146 651 1273 693 pratis3

377 697 491 740 Exigit
518 698 636 731 aetatis
664 699 817 738 lascivia3
846 699 918 731 dic:
947 700 1084 732 abeatis.

174 816 187 841 t
221 773 348 843 Colileeti
374 784 428 804 ms.
450 775 638 804 Victorinum
667 785 745 804 saec.
770 774 814 804 13.
837 774 879 812 [et
903 775 958 813 14.]
983 776 1055 805 Cod.
1078 777 1207 805 Parisin.
1234 775 1342 806 11412.
1365 791 1402 797 -—
1422 776 1456 811 5,
1483 775 1502 805 6

141 821 172 841 «ε
207 822 255 843 mo
302 824 334 843 es
351 824 408 845 um,

551 931 613 963 106.
656 932 716 963 Pro
738 931 915 964 Vacatione
938 931 1098 964 Paschali.

392 1024 422 1056 1.
451 1022 562 1063 Salve,
592 1023 717 1057 doctor.
745 1032 870 1064 gemma
898 1024 1065 1063 scientiae,

451 1071 578 1105 Lumen
608 1071 699 1111 cleri,
726 1071 785 1104 flos
812 1073 1002 1113 patientiae,

451 1120 542 1154 Odor
569 1121 662 1161 recti,
691 1119 763 1153 fons
790 1122 1006 1162 eloquentiae,

613 1170 789 1202 Veritatis!

451 1219 537 1258 Quot
561 1219 595 1251 in
624 1220 707 1252 caeli
734 1224 809 1252 sunt
835 1220 951 1253 stellae
981 1220 1083 1260 regia,

450 1267 542 1309 Quod
571 1269 731 1301 labuntur
756 1272 867 1310 guttae
894 1277 954 1310 per
981 1270 1093 1307 maria,

452 1317 536 1357 Quot
562 1318 595 1350 in
628 1318 710 1350 mari
737 1319 856 1358 pisces,
885 1321 964 1359 quot
991 1316 1070 1350 folia

612 1367 703 1400 Vere
727 1368 853 1408 pratis,

397 1447 432 1480 2.
458 1446 541 1486 Quot
569 1445 739 1479 abundant
767 1445 917 1487 Gargara
945 1445 1104 1489 frugibus,

452 1495 537 1534 Quot
564 1499 641 1527 sunt
667 1504 745 1536 apes
773 1495 803 1527 in
832 1495 963 1536 Hyblae
990 1495 1141 1536 vallibus,

452 1545 535 1584 Quot
564 1546 687 1577 racemi
715 1545 905 1586 dependent
932 1545 1051 1577 vitibus

611 1594 650 1627 In
677 1603 819 1636 macera,

450 1645 534 1684 Quot
568 1644 718 1677 volucres
745 1643 804 1676 sub
833 1642 950 1676 fronde
977 1643 1121 1686 latitant,

451 1695 536 1735 Quot
569 1691 776 1738 [muscellae]
805 1693 927 1725 circum
954 1693 1013 1725 has
1041 1693 1189 1731 volitant,

449 1743 494 1776 Et
519 1747 599 1785 quot
630 1741 779 1775 membra
804 1743 919 1775 vivunt
945 1746 977 1774 et
1003 1742 1167 1784 palpitant

610 1791 727 1826 Mundi
755 1791 916 1834 sphaera3

390 1872 423 1905 3.
452 1872 537 1912 Quot
564 1875 641 1904 sunt
667 1871 780 1912 puncti
807 1870 921 1903 diebus
949 1871 1083 1911 saeculi,

449 1921 535 1961 Quot
560 1924 687 1954 aestate
714 1923 790 1952 sunt
814 1919 912 1953 fiores
938 1920 1054 1962 patuli,

449 1969 527 2003 Tibi
551 1970 723 2011 mandant,
752 1970 878 2008 doctor,
907 1970 1065 2011 discipuli

611 2019 672 2053 Tot
704 2019 837 2060 salutes,

449 2070 495 2104 Et
522 2069 659 2103 meliora
685 2072 791 2112 putes,
820 2069 883 2101 nisi
909 2069 959 2102 ius
986 2077 1157 2110 superesse
1185 2068 1318 2104 refutes

386 2150 420 2183 4.
449 2148 484 2182 Si
515 2149 706 2182 commendo
732 2157 817 2181 novo
843 2149 1021 2190 praeconio

450 2199 498 2232 Te
524 2197 721 2240 perfectum,
749 2198 813 2230 erit
838 2198 993 2239 nugatio3

449 2248 646 2282 Auctoxizat
671 2251 704 2281 te
731 2247 938 2280 conversatio

611 2297 703 2330 Tuae
729 2297 840 2336 vitae3

449 2347 488 2380 In
514 2349 548 2379 te
574 2356 647 2380 cum
674 2347 715 2379 sit
743 2345 848 2378 omnis
876 2344 1048 2388 perfectio,

450 2396 536 2436 Quid
562 2395 703 2438 prodest
729 2395 812 2434 laus,
840 2395 921 2437 quid
946 2396 1105 2435 adulatio,

450 2444 525 2478 Nisi
553 2445 636 2478 velis
660 2445 722 2478 sub
748 2443 956 2486 multiloquio

612 2493 785 2529 Frustrari
812 2494 870 2526 te?
