1650 2727
682 168 951 205 —155—

216 264 306 292 Brev.
327 263 544 293 Ebreduuense
569 265 640 301 imp.
659 264 803 302 Lugduni
829 263 915 294 1520.
937 280 975 286 —
995 265 1089 294 Diese
1110 263 1282 293 Lektionen
1309 265 1410 301 folgen
1442 265 1498 293 auf

138 301 193 331 das
215 303 355 332 Officium
375 303 512 330 votivum
533 303 585 331 des
607 303 750 340 Heiligeu
773 305 830 332 mit
848 304 901 332 der
916 303 1119 340 Bemerkung:
1145 304 1328 341 „Sequentes
1351 304 1495 332 lectiones

141 345 271 378 possunt
297 342 374 377 dici,
403 341 524 378 quando
552 341 729 378 placuerimf‘
753 358 792 363 —-
814 343 897 371 Lect.
920 340 953 376 2,
986 341 999 371 1
1024 343 1083 378 Qui
1105 344 1143 370 ab
1166 343 1295 371 infantia
1316 341 1437 371 venisti.
1460 357 1499 362 —

137 381 222 410 Leet.
243 379 271 416 3,
294 379 312 409 5
333 380 478 409 sodalam.

603 485 652 517 62.
694 486 738 518 De
760 486 874 518 sancta
899 485 1035 517 Martha.

272 577 318 609 In
358 578 390 611 1.
429 578 651 617 Vesperis.

360 664 562 701 Antiphonae.

177 755 209 788 1.
236 754 362 786 Assunt
388 751 473 787 festa
499 753 682 797 magnifica,

236 802 330 834 Nova
356 812 536 844 pangamus
565 804 693 836 cantica

285 852 324 884 Iu
349 852 449 884 laude
472 852 595 885 Christi
621 853 785 893 hospitae.

178 951 212 984 2.
238 949 374 982 Martha
399 949 575 982 Dominum
598 951 745 991 suscepit

239 998 284 1030 Et
309 998 451 1030 sollicite
478 998 592 1031 refecit

291 1049 330 1080 In
353 1047 496 1088 hospitio
523 1057 591 1082 suo,

181 1147 214 1180 3.
243 1144 334 1176 Iesus
361 1145 527 1177 Martham
555 1145 757 1188 peramabat,

239 1192 281 1226 Se
307 1196 493 1234 tangentem
515 1194 619 1235 ipsam
646 1198 740 1227 sanat

289 1243 319 1275 A
346 1241 497 1284 profluxu
524 1243 702 1284 sanguinis.

180 1341 213 1374 4.
240 1339 324 1372 Erat
348 1340 481 1373 Martha
508 1340 603 1373 valde
629 1342 684 1383 pia

240 1388 284 1421 Et
312 1387 452 1421 fecunda
479 1393 510 1420 et
538 1390 688 1432 benigna,

290 1437 443 1471 Gratiosa
469 1439 630 1473 omnibus,

180 1539 212 1571 5.
239 1536 336 1568 Hanc
363 1535 510 1576 baptizat
536 1536 746 1577 Maximinus,

240 1585 301 1618 Vir
327 1585 516 1626 praeclarus
543 1590 575 1617 et
602 1585 743 1627 divinus,

289 1634 334 1667 Et
359 1635 503 1667 custodit
528 1634 653 1668 sedule.

335 1751 382 1779 Ad
403 1750 587 1788 Magnificat.

168 1833 210 1865 A.
238 1831 264 1864 Ο
291 1832 464 1872 praeclara

288 1881 420 1914 Domini
449 1881 589 1924 hospita,

237 1930 328 1972 Roga
355 1930 471 1971 Deum,

285 1984 321 2012 ut
347 1983 459 2012 nostra
486 1979 598 2013 debita

237 2029 365 2062 Pietate

288 2078 415 2111 relaxet
439 2078 537 2111 solita

239 2127 372 2169 Nosque
398 2127 496 2161 ducat

289 2177 332 2211 ad
359 2187 462 2220 regna
487 2178 621 2212 caelica.

305 2294 353 2323 Ad
374 2296 462 2324 Nunc
484 2295 622 2323 dimittis.

166 2376 208 2411 A.
236 2375 263 2409 Ο
293 2375 375 2409 felix
403 2376 466 2410 Dei
494 2375 627 2413 famula,

236 2425 347 2468 Digna
373 2426 474 2459 laude
498 2435 559 2467 per
586 2424 730 2465 saecula,

239 2475 384 2518 Martha,
413 2475 536 2508 Christi
565 2474 739 2517 discipula,

291 2525 357 2559 Pro
383 2525 479 2559 nobis
506 2525 699 2566 deprecare,

946 577 992 611 Ut
1018 587 1037 610 a
1064 577 1208 618 peccatis
1236 576 1360 616 expiati

946 626 1141 659 Efficiamur
1168 625 1239 658 Deo
1264 625 1349 666 grati

946 676 991 707 Et
1016 676 1051 708 in
1077 676 1176 707 caelis
1205 674 1358 707 collocati

995 724 1102 766 Digne
1129 725 1290 765 possimus
1318 722 1429 756 dicere

1045 774 1200 807 Alleluia.

983 911 1047 944 Ad
1081 910 1359 944 Matutinum.

1063 989 1284 1016 Invitatorinm.

947 1077 1089 1110 Sanctae
1117 1077 1269 1109 Marthae
1297 1077 1430 1117 hospiti,

996 1126 1130 1158 Christo
1155 1125 1340 1158 iubilemus.

974 1264 1020 1295 In
1060 1265 1090 1298 1.
1129 1263 1374 1297 Nocturno.

1068 1341 1273 1376 Antiphonae.

911 1457 919 1464 .
947 1430 1087 1462 Sanctae
1114 1430 1266 1462 Marthae
1294 1431 1465 1462 sollemnia

946 1479 1049 1511 Nobis
1077 1483 1189 1511 assunt
1218 1478 1370 1519 celebria,

943 1529 1101 1565 Iucunda,
1131 1529 1299 1560 salutaria.

908 1632 916 1640 .
945 1605 1065 1639 Sancta
1092 1606 1226 1639 Martha
1252 1606 1455 1649 interpellat,

947 1655 1114 1688 Christum
1142 1656 1283 1688 iudicem
1311 1656 1463 1696 appellat

996 1706 1060 1739 Pro
1087 1705 1209 1737 sororis
1237 1705 1358 1745 requie.

911 1812 918 1819 .
948 1785 1040 1817 Iesus
1067 1784 1218 1818 Christus
1245 1785 1454 1825 pascebatur,

948 1833 1082 1866 Martha
1110 1843 1186 1866 vero
1215 1834 1402 1866 laetabatur

997 1882 1061 1916 Pro
1089 1887 1241 1924 suscepto
1269 1882 1420 1917 Domino.

1063 1982 1275 2017 Responsoria.

909 2079 918 2087 .
947 2051 1130 2093 splendent
1147 2052 1300 2084 Marthae
1315 2051 1496 2094 sollemnia,

947 2101 1029 2134 Tota
1058 2102 1179 2134 Christi
1208 2102 1347 2135 ecclesia

947 2151 1044 2184 Petat
1071 2151 1140 2182 eius
1167 2151 1342 2194 suffragia3

912 2227 920 2235 .
949 2199 1047 2232 Plebs
1075 2200 1183 2232 fidelis
1210 2205 1241 2232 et
1271 2200 1390 2233 devota

947 2248 1083 2282 Festum
1111 2250 1199 2282 colat
1224 2254 1332 2282 mente
1355 2254 1425 2282 tota

997 2298 1160 2341 Marthae,
1191 2298 1314 2331 Christi
1335 2299 1495 2339 hospitae.

913 2403 922 2412 .
950 2376 1055 2410 Beata
1081 2378 1217 2411 Martha
1244 2378 1374 2418 nobilis,

949 2425 1056 2459 Carne
1083 2427 1215 2460 Christo
1242 2427 1403 2474 amabilis,

949 2475 1106 2509 Exsultat
1132 2476 1207 2509 Iesu
1234 2475 1375 2510 Domino

949 2523 1110 2566 Suscepto
1136 2526 1169 2558 in
1197 2525 1358 2567 hospitio;
