1650 2727
681 154 951 191 —177—

162 254 201 289 V.
229 254 377 288 Dilectus
405 253 474 286 Deo
499 253 533 286 in
557 252 708 286 omnibus

229 303 276 337 Et
300 303 454 336 laudibus
479 305 514 335 et
534 302 662 334 actibus
680 298 779 345 (tuis)

231 351 380 386 Profusis
406 355 438 383 te
464 350 639 392 gemitibus

231 401 450 443 Imploramus
478 396 541 444 [et]
568 398 732 441 precibus.

169 479 202 515 3.
229 477 380 525 (Sancte)
439 477 594 520 Richari,
657 476 780 509 Christi

486 526 665 565 confessor,

230 577 320 611 Audi
345 579 497 617 rogantes
523 576 672 608 servulos

230 626 276 660 Et
300 627 510 666 impetratam
536 625 674 658 caelitus

231 675 281 709 Tu
309 673 403 708 defer
429 674 678 714 indulgentiam.

160 725 202 758 V.
229 726 256 759 Ο
271 728 383 756 sancte
398 723 544 763 Richari‚
564 722 656 756 sidus
669 731 814 765 aureum,

231 772 364 807 Domini
375 773 480 814 gratia
491 780 658 805 servorum
669 771 807 812 gemitus

234 823 339 858 Solita
365 822 494 862 suscipe
522 821 705 854 clementia.

299 970 345 1002 In
371 969 607 1004 Laudibus.

321 1047 419 1083 Super
440 1045 587 1075 Psalmos¹

156 1128 198 1160 A.
225 1126 355 1160 Debilis
382 1127 423 1158 ad
451 1126 556 1158 sancti

283 1175 435 1208 veniebat
456 1184 555 1215 saepe
581 1174 777 1217 sepulcrum,

231 1225 372 1265 Quidam
400 1228 586 1256 contractus

281 1273 406 1306 meritis
433 1273 578 1305 salvatus
605 1276 655 1304 est
682 1272 763 1306 eius.

331 1423 361 1455 A
374 1422 394 1454 d
421 1420 453 1454 H
463 1430 482 1453 ο
494 1431 511 1453 r
522 1430 541 1452 a
550 1430 576 1455 S.

346 1498 391 1526 Ad
413 1498 556 1526 Tertiam.

153 1578 196 1612 A.
225 1578 296 1618 Qua
322 1577 548 1614 moriebantur

278 1627 399 1666 plures,
431 1627 506 1659 dum
526 1632 618 1667 peste
637 1626 778 1667 laborat,

228 1676 348 1709 Frater
373 1677 531 1716 salvatur,

281 1725 439 1758 tumulum
456 1726 532 1758 dum
549 1725 683 1766 contigit
697 1726 779 1759 eius,

348 1827 395 1856 Ad
417 1828 549 1856 Sextam.

151 1898 194 1931 A.
222 1898 283 1931 Vir
307 1903 438 1931 sanctus
465 1897 606 1931 Domino

274 1946 416 1980 fundens
431 1948 487 1989 pia
499 1947 599 1980 verba
611 1952 778 1990 precatur,

227 1996 391 2030 Produxit
418 1996 541 2030 fontem

278 2046 384 2079 sterili
412 2048 453 2080 de
484 2048 629 2088 caespite
656 2046 777 2080 vivum.

311 2149 382 2177 Alia
402 2149 587 2186 Antiphona.

222 2218 342 2253 Verbis
370 2217 432 2252 fuit
458 2224 489 2252 et
517 2219 668 2253 sensibus

221 2268 268 2302 Et
295 2269 481 2311 dogmatum
510 2269 676 2310 mysteriis

221 2317 284 2351 Dei
313 2319 460 2361 repletus
487 2319 609 2361 spiritu

221 2367 268 2400 Et
293 2369 418 2409 pietate
444 2369 547 2403 utilis,

1069 251 1113 278 Ad
1135 251 1262 279 Nonam.

839 312 882 345 A.
911 310 1024 344 Naxus
1051 311 1224 351 culparum

963 365 1147 392 nostrarum
1163 361 1263 397 solve,
1285 360 1486 402 redemptor,

915 410 975 449 Qui
1002 408 1108 441 sancti
1135 408 1260 441 meritis

963 457 1082 498 rupisti
1110 458 1240 490 vincula
1268 456 1359 490 ferri.

1028 554 1099 582 Alia
1121 554 1304 591 Antiphona.

914 622 1093 657 Confessor
1120 624 1243 657 Christi
1271 623 1381 656 fueras

913 673 957 705 Et
985 674 1149 705 saeculum
1179 677 1433 716 contempseras,

915 721 1090 764 Sequendo
1117 723 1319 763 evangelium

915 770 1080 804 Scandisti
1108 772 1233 804 caelum
1261 772 1410 804 arduum.

980 899 1026 932 In
1055 901 1086 933 2.
1115 900 1344 940 Vesperis.

1038 976 1084 1004 Ad
1105 978 1291 1013 Magnificat.

841 1058 882 1090 A.
910 1057 1112 1095 Interventu‚
1142 1056 1281 1099 Christe,
1311 1056 1416 1088 sancti

965 1107 1129 1147 poscimus
1158 1106 1317 1140 Richarii.

914 1154 983 1187 Nos
1010 1155 1051 1187 ab
1078 1154 1228 1187 omnibus
1256 1154 1360 1186 noxiis

963 1204 1097 1236 absolve
1125 1204 1281 1243 reatibus,

914 1253 969 1285 Ad
1007 1254 1131 1285 caelum
1160 1262 1254 1293 quem
1278 1252 1463 1285 sublimasti

963 1301 1115 1334 floridum
1144 1301 1330 1335 virtutibus.

839 1431 887 1463 In
904 1430 1319 1463 Commemoratione
1338 1429 1489 1462 Sancti.

1035 1508 1092 1535 Die
1116 1508 1287 1535 Dominica.

837 1589 880 1621 A.
908 1588 948 1621 In
975 1587 1072 1620 terris
1099 1587 1216 1619 merito

962 1641 995 1669 te
1022 1636 1230 1669 christicolae
1258 1641 1468 1677 venerantur,

914 1686 1047 1720 Caelica
1073 1695 1167 1726 quem
1195 1686 1317 1718 socium

964 1737 1106 1768 laetatur
1134 1734 1254 1767 lmbere
1282 1738 1425 1767 caterva.

1039 1833 1129 1860 Feria
1151 1832 1291 1860 secunda.

842 1904 885 1938 A.
914 1903 1008 1935 Votis
1035 1902 1241 1947 supplicibus

963 1956 1006 1993 te,
1035 1957 1150 1993 pastor
1172 1956 1295 1995 sancte,
1326 1962 1487 1995 rogamus,

915 2001 1117 2035 Commenda
1143 2002 1288 2041 Christo,

963 2061 1043 2093 quos
1072 2052 1231 2083 doctrinis
1257 2052 1409 2092 genuisti.

1091 2149 1236 2177 sabbato.

836 2220 880 2256 A.
906 2222 976 2254 Iam
1005 2224 1200 2262 regnaturus

963 2278 1036 2302 cum
1065 2270 1198 2303 Christo
1225 2270 1311 2302 celsa
1338 2270 1463 2312 petisti,

911 2320 978 2354 Ora
1004 2329 1065 2361 pro
1090 2319 1196 2362 nobis,

961 2378 1003 2401 ne
1031 2369 1238 2402 detineamur
1264 2368 1304 2400 ab
1332 2367 1417 2401 imis.

201 2445 381 2485 Rerumque,
403 2449 486 2477 Hist.
508 2449 545 2477 de
569 2449 714 2486 l'abbaye
736 2453 766 2478 et
786 2449 823 2478 de
844 2449 876 2477 la
896 2447 979 2477 Ville
1001 2447 1037 2476 de
1060 2450 1289 2484 §aiut-Riquier
1311 2447 1340 2474 II
1354 2446 1490 2478 (Amiens

121 2483 224 2525 1883),
254 2497 284 2525 p.
310 2485 406 2517 488ff.
436 2486 546 2526 [bildet
574 2489 635 2518 den
658 2488 704 2518 10.
726 2489 813 2518 Baud
832 2489 886 2517 der
907 2487 1070 2517 Memoires
1093 2488 1129 2516 de
1152 2489 1182 2516 la
1203 2486 1314 2516 societe
1336 2485 1388 2513 des
1412 2487 1489 2514 anti-

117 2528 244 2565 quaires
265 2528 304 2556 de
323 2526 490 2565 PicardieJ.
514 2529 636 2563 Quelle:
668 2528 809 2566 „Extrait
829 2528 905 2557 d'un
925 2529 1116 2566 manuscript-
1136 2528 1177 2556 du
1197 2528 1284 2556 XIII.
1307 2523 1398 2554 siecle
1421 2523 1437 2552 ἐι
1462 2526 1490 2553 la

176 2578 201 2602 D
206 2585 221 2602 r
227 2585 243 2602 e
249 2586 268 2602 v
275 2586 291 2603 ο
297 2585 311 2602 s
320 2598 327 2609 ,
344 2578 492 2604 Historiae
511 2580 572 2610 Rhy
576 2580 710 2604 thmicae.
745 2579 825 2604 vnl.

1274 2575 1310 2604 12
