1650 2727
678 137 916 173 -26ἡ

564 232 599 265 11.
645 232 679 265 ln
700 233 880 266 Nativitate
902 232 1037 267 Domini.

169 314 200 347 1.
228 313 294 346 Res
318 324 412 351 nova,
440 314 637 356 principium
870 318 902 350 2.
928 315 990 348 Est
1014 314 1264 356 irregressibilis

277 362 371 396 Facti
397 364 483 396 subit
510 364 636 404 seriem,
980 365 1047 397 Lex
1075 363 1185 396 fatalis
1212 362 1348 405 ordinis,

227 412 348 445 Rerum
376 412 481 445 factor
506 413 658 455 omnium⁷
930 413 994 446 Sed
1020 412 1057 445 fit
1083 412 1302 453 regressibilis

276 461 400 494 Novam
428 462 525 494 sumit
550 463 690 503 speciem
978 463 1083 496 Facta
1109 460 1213 494 forma
1240 459 1378 493 hominis

325 511 361 542 In
389 511 523 551 virgine.
1027 511 1064 543 In
1092 511 1225 551 virgine.

142 557 198 590 R⁰
223 558 379 591 Miranda
405 560 561 600 potentiaq
845 558 899 592 R⁰
926 559 1080 592 Miranda
1107 559 1265 599 potentia,

226 608 314 647 Quae
342 609 388 640 sic
412 609 573 640 naturalia
931 609 1019 648 Quae
1045 609 1092 640 sic
1120 607 1280 640 naturalia

275 656 411 698 Frangit
437 657 526 688 iura!
977 656 1114 697 Frangit
1139 657 1230 689 iura!

570 744 602 777 3.
629 744 674 776 Ut
700 743 861 783 propheta
888 744 1008 782 docuit,

676 792 774 833 Virga
801 792 888 824 Iesse
915 790 1033 828 floruit.

627 840 769 872 Verbum
797 841 843 872 sic
866 841 1018 878 innotuit,

675 888 766 928 Quod
794 889 924 928 impleri
951 888 1055 928 potuit

726 938 761 969 In
791 937 927 977 virgine.

542 983 596 1018 R⁰
623 985 777 1018 Miranda
803 986 958 1028 potentia,

625 1036 713 1074 Quae
739 1035 787 1066 sic
813 1034 975 1066 naturalia

674 1083 811 1124 Frangit
838 1083 929 1115 iura!

208 1169 297 1204 Trop.
321 1177 372 1195 ms.
396 1168 590 1196 Martialense
612 1178 688 1196 saec.
713 1168 750 1197 12
763 1166 822 1204 [13.
848 1166 916 1204 14.].
940 1168 1010 1196 Cod.
1026 1169 1155 1196 Parisin.
1178 1166 1261 1196 1139.
1277 1169 1312 1196 A.
1328 1183 1365 1188 —
1383 1169 1475 1205 Trop.

131 1216 183 1235 ms.
205 1207 401 1235 Martialense
433 1216 509 1235 saec.
534 1206 575 1234 12.
600 1208 671 1236 Cod.
692 1209 821 1235 Parisin.
843 1206 929 1236 3719.
952 1209 986 1235 Β.
1010 1223 1046 1227 —
1070 1210 1126 1235 Str.
1156 1207 1168 1235 1
1192 1208 1253 1235 und
1274 1205 1292 1235 2
1313 1207 1413 1236 fehlen
1435 1209 1475 1241 B;

131 1248 188 1275 Str.
210 1245 228 1274 3
259 1247 332 1274 fehlt
354 1248 386 1273 Α.
411 1261 449 1264 -
480 1246 510 1278 1,
543 1245 561 1273 2
582 1247 668 1274 Facis
697 1248 778 1275 subit
799 1248 833 1274 Α.
863 1262 897 1265 -
929 1246 959 1278 l,
983 1245 998 1274 7
1021 1248 1103 1280 Quae
1133 1248 1270 1282 signatur
1297 1247 1359 1275 alia
1379 1247 1415 1274 A.
1438 1261 1472 1266 -

133 1286 199 1321 Vgl.
223 1286 298 1313 auch
325 1285 497 1317 ehevalier,
526 1286 731 1313 Prosolarium
760 1286 904 1313 ecclesiae
926 1287 1098 1314 Aniciensis
1120 1295 1147 1321 p.
1174 1284 1217 1313 19.
1239 1295 1291 1322 sq..
1319 1295 1364 1314 wo
1394 1286 1478 1314 diese

133 1326 241 1353 Cautio
263 1325 308 1351 als
332 1323 529 1358 „Farsumeffl
555 1326 585 1352 in
607 1325 653 1352 die
669 1325 839 1352 Lektionen
854 1324 905 1352 der
921 1327 1045 1353 zweiten
1060 1324 1198 1353 Noktum
1216 1326 1410 1362 eingewoben
1425 1327 1476 1353 ist.

566 1449 606 1480 12.
649 1449 683 1480 ln
706 1448 882 1480 Nativitate
905 1447 1039 1480 Domini.

172 1531 202 1564 1.
230 1530 283 1562 Ius
309 1535 445 1562 naturae
473 1531 682 1569 consumitur,
873 1533 906 1565 2.
933 1530 1032 1568 Quem
1057 1531 1196 1563 mundus
1214 1531 1327 1572 nequit.
1345 1541 1476 1574 capere,

277 1579 362 1610 Dum
390 1579 483 1619 virgo
509 1580 595 1620 parit
621 1579 734 1619 filium,
982 1581 1081 1620 Virgo
1108 1580 1403 1623 clauditdnterine,

229 1626 272 1659 Et
300 1627 434 1660 castitas
463 1625 541 1671 [non
569 1626 758 1672 rumpitur],
931 1627 975 1660 Et
1001 1628 1036 1660 fit
1064 1637 1176 1660 sacrae
1202 1638 1383 1670 puerperae

278 1675 342 1708 Sed
369 1680 466 1716 partu
491 1674 584 1708 floret
611 1676 724 1708 lilium.
980 1677 1068 1709 Deus
1094 1682 1189 1718 pater
1215 1682 1246 1709 et
1273 1677 1370 1712 filius.

229 1723 322 1757 Nova
356 1728 461 1757 mater
496 1734 611 1757 novam
636 1725 771 1766 prolem,
933 1725 1028 1758 Felix
1053 1727 1144 1758 alvus
1173 1731 1282 1759 castae
1308 1727 1434 1769 matris,

228 1772 333 1805 Homo
361 1773 476 1815 Deum,
504 1774 600 1806 stella
626 1775 736 1814 solem,
931 1775 1013 1814 Quia
1039 1775 1176 1814 sumpsit
1201 1776 1335 1808 verbum
1357 1777 1474 1817 patris,

278 1823 407 1855 Patrem
434 1821 561 1862 profert
587 1821 663 1855 filia.
983 1824 1120 1856 Protulit
1147 1833 1186 1856 ex
1213 1824 1329 1864 gratia.

208 1909 297 1944 Trop.
319 1918 372 1936 ms.
394 1909 589 1937 Martialense
612 1918 691 1938 saec.
716 1909 759 1938 12.
782 1910 853 1938 Cod.
874 1910 1003 1938 Parisin.
1025 1909 1112 1939 3719.

567 2034 606 2066 13.
649 2035 681 2066 ln
704 2033 881 2066 Nativitate
904 2034 1036 2066 Domini.

167 2116 198 2150 1.
227 2116 360 2157 Virgine
389 2119 465 2149 nato
867 2118 900 2149 2.
928 2117 998 2149 Lux
1026 2116 1221 2158 dominatur,

226 2166 315 2205 Rege
342 2165 436 2197 beato
928 2165 1000 2198 Nox
1027 2170 1209 2206 separatur,

273 2213 429 2247 Gaudeat
455 2214 561 2255 orbis;
973 2214 1129 2248 Gaudeat
1155 2216 1262 2258 orbis-‚

226 2263 328 2296 Hoste
355 2261 476 2303 fugato,
930 2263 1003 2296 Vita
1029 2269 1177 2307 paratur,

227 2313 268 2345 Se
294 2312 458 2344 medicato
927 2313 1020 2346 Mors
1045 2319 1233 2355 superatur,

274 2360 430 2394 Gaudeat
457 2361 552 2394 orbis.
975 2361 1132 2395 Gaudeat
1157 2363 1254 2398 orbis.

205 2450 294 2485 Trop.
318 2458 371 2477 ms.
393 2449 587 2477 Martialense
609 2458 686 2477 saec.
710 2447 754 2477 12.
771 2447 829 2481 (13.
847 2447 911 2484 14.).
927 2449 1145 2479 ood.Pa1-isin.
1170 2448 1253 2479 1139.
1269 2468 1306 2473 —-
1331 2451 1356 2489 l,
1377 2451 1396 2481 5
1417 2453 1478 2482 Sed

125 2489 288 2518 medicato.
310 2503 345 2508 —
368 2487 396 2524 2,
420 2487 437 2516 5
459 2492 623 2526 separatur.
