1650 2727
679 171 944 207 —160—

604 355 664 387 193.
706 356 749 387 De
770 353 876 386 Mundi
897 350 1032 385 Malitia.

168 470 198 503 1.
226 469 319 502 Nunc
345 467 440 501 floret
465 467 680 507 mendacium,
865 467 897 498 2.
925 463 1031 495 Fraus
1059 460 1153 494 donis
1180 461 1364 499 coronatur,

225 517 401 551 Pravitatis
427 517 635 558 consortium,
926 512 1038 543 Virtus
1064 509 1305 551 suppeditatur,

273 567 310 599 In
337 566 458 599 mundo
485 565 673 607 diliguntur,
975 560 1085 593 Pietas
1111 563 1143 590 et
1171 556 1312 590 felicitas

271 616 332 656 Qui
359 614 443 648 falsa
468 614 696 655 obloquuntur,
975 609 1035 641 Est
1062 612 1226 647 tamquam
1253 603 1447 645 bestialitas,

224 664 354 697 Veritas
381 663 569 702 mutabitur,
928 658 1085 699 Indignus
1113 655 1281 697 recipitur,

226 713 269 746 Et
296 712 377 746 fides
406 712 617 752 desolabitur,
927 707 1058 746 Euenus
1085 714 1163 737 vero
1189 703 1359 745 premitur,

273 761 448 794 Amabitnr
472 760 627 800 nequitia,
976 755 1155 796 Mammon,
1184 762 1282 785 usura
1310 750 1462 789 Satanae,

275 810 486 851 Disperditur
513 808 648 843 iustitia,
977 803 1059 835 Sunt
1085 811 1165 834 cura
1191 800 1379 842 praecipue,

226 860 333 892 Prava
359 858 498 891 avaritia
929 853 1005 884 Iura
1031 855 1206 883 renuerunt

227 909 296 941 Iam
324 912 356 940 et
383 916 465 939 vana
490 906 594 947 gloria
929 902 997 933 Iam
1023 904 1053 932 et
1081 900 1167 931 bona
1195 898 1387 935 diviserunt,

276 958 312 989 In
341 956 464 988 cunctis
489 954 695 993 malignatur,
976 948 1068 981 Mala
1091 951 1304 988 reponuntur.

227 1005 261 1037 Si
288 1004 347 1036 tibi
375 1005 415 1036 sit
442 1003 576 1037 iustitia,
928 998 1013 1037 ch,
1040 997 1142 1029 studii
1169 995 1350 1031 moralitas,

227 1055 295 1086 Iam
321 1052 433 1085 mundi
459 1051 595 1084 saevitia
930 1047 1058 1085 Vigoris
1085 1046 1207 1086 quippe
1234 1044 1367 1076 bonitas

275 1102 363 1134 Male
390 1106 421 1132 te
449 1101 608 1132 tristatur.
976 1095 1120 1136 Lapsum
1149 1094 1328 1134 patiuntur.

513 1209 543 1239 3.
572 1206 663 1237 Tunc
690 1205 738 1236 vis
767 1204 896 1235 virtutis
924 1202 1036 1242 viguit,

574 1254 762 1296 Discipulus
791 1252 866 1284 dum
894 1251 1000 1283 timuit

621 1303 796 1334 Ductorem
823 1309 895 1333 cum
921 1300 1057 1341 pudore,

624 1351 688 1384 Sed
714 1351 777 1382 iam
805 1350 979 1382 addiscunt
1007 1358 1095 1381 more

575 1400 665 1432 Mala
691 1408 874 1441 propagare

575 1449 643 1480 Nec
670 1449 781 1480 volunt
808 1456 892 1479 nunc
918 1455 1028 1478 amare

625 1498 716 1529 Artis
743 1497 991 1535 incrementum,

624 1546 679 1578 Fit
704 1554 780 1585 ergo
809 1544 1039 1576 detrimentum

581 1593 754 1627 Praefatae
782 1593 985 1635 disciplinae,

580 1643 692 1675 Mores
723 1643 801 1674 dant
827 1643 948 1683 ruinae,

678 1692 781 1724 Sensu
808 1692 994 1723 abutuntur.

238 1802 313 1829 Piae
335 1800 496 1827 Cautiones
522 1795 594 1825 1552
621 1797 670 1825 fol.
693 1798 720 1824 K
748 1795 800 1824 33.
827 1807 890 1834 sqq.
917 1797 1100 1833 [Klemming
1129 1797 1188 1830 IV,
1216 1796 1275 1830 33.)
1296 1813 1329 1816 —
1355 1796 1386 1831 ¹2,
1415 1795 1433 1824 2
1456 1796 1511 1823 sub

162 1841 238 1880 pede
258 1841 359 1874 datur3
382 1836 645 1883 augenscheinlich
664 1836 832 1864 Korrektur
854 1841 926 1864 statt
947 1837 1000 1877 des
1021 1836 1295 1864 mittelalterlichen
1318 1836 1512 1873 suppeditare

159 1879 377 1949 (gffhlggggchen
408 1878 518 1911 Smne).
546 1891 584 1894 —
613 1873 644 1909 2,
674 1875 690 1903 7
720 1879 748 1903 et
767 1876 906 1904 Satanae.
931 1891 969 1894 —
991 1878 1049 1904 Str.
1078 1874 1096 1903 3
1121 1874 1221 1903 fehlen
1248 1875 1311 1903 drei
1333 1876 1436 1904 Zeilen
1465 1884 1513 1903 am

603 2057 665 2089 194.
707 2057 748 2088 De
771 2056 873 2089 Falsis
896 2056 1074 2088 Fratribus.

181 2177 210 2210 1.
239 2175 265 2208 Ο
292 2176 415 2206 mentes
440 2170 584 2212 perfidas
882 2169 915 2201 2.
943 2167 1080 2208 Impune
1106 2165 1270 2208 frangitur

290 2227 321 2255 et
346 2223 472 2262 linguas
497 2219 644 2260 duplices
992 2216 1075 2248 fides
1101 2215 1134 2247 in
1162 2215 1303 2257 publico,

241 2273 286 2306 Et
311 2275 411 2304 testes
438 2268 593 2302 subdolos
695 2294 708 2318 x
948 2264 1013 2297 Vix
1040 2267 1149 2304 potest
1175 2264 1310 2297 credere

291 2328 323 2353 et
349 2319 449 2353 falsos
475 2318 618 2351 iudices!
996 2313 1165 2354 privignus
1192 2314 1319 2353 vitrico,

241 2371 368 2404 Aurate
391 2368 553 2401 fabricant
949 2362 1013 2395 Vix
1040 2365 1134 2403 pater
1160 2361 1240 2400 filio,

294 2419 443 2452 fraudum
472 2415 614 2450 artifices
1000 2412 1054 2443 vix
1079 2418 1176 2451 aeger
1199 2411 1337 2448 medico,

243 2471 281 2504 In
310 2470 408 2502 dorso
433 2474 613 2508 pauperum
950 2461 1036 2503 Ipse,
1065 2459 1118 2500 qui
1143 2467 1333 2500 conqueror,

295 2517 417 2552 ferrum
445 2519 478 2548 et
503 2515 622 2548 siliceS.
998 2510 1031 2542 in
1055 2508 1120 2541 fide
1147 2508 1308 2543 claudico.
