1650 2727
143 249 175 282 4.
202 247 384 281 Benedicat
410 248 516 281 Deum
544 252 671 289 patrem
905 249 952 281 Et
975 249 1010 282 in
1035 250 1154 283 bonum
1182 249 1288 291 dirige

252 298 340 330 tn'ua
366 298 478 331 mundi
504 298 667 338 machina,
956 297 1135 340 Utriusque
1163 302 1285 334 votum.

204 347 242 379 In
268 355 331 388 quo
357 346 503 380 Zosimus
531 348 673 380 exsultat

251 396 338 428 inter
364 396 446 428 caeli
471 396 612 437 agmina.
973 424 1021 456 In
1048 426 1069 458 2
1108 423 1327 464 vesperis

144 495 174 526 5.
202 492 289 525 Laus
317 493 436 526 decora
462 494 619 526 salvatori
1028 491 1074 519 Ad
1095 491 1278 528 Magnificat.

252 545 382 574 resonet
408 551 468 582 per
493 542 610 580 omnia,

204 591 268 623 Per
294 599 387 631 quem
416 591 502 632 viget
529 591 562 622 in
589 591 648 623 hoc
675 591 746 624 loco

252 639 371 672 Zosimi
398 640 563 673 memoria.

831 571 872 604 A.
901 570 983 611 Ave,
1009 574 1104 611 pater

953 622 987 650 et
1012 623 1126 659 pastor
1151 619 1288 661 optime,

906 667 1028 700 Nostra
1054 668 1142 700 salus

954 720 987 747 et
1014 716 1089 755 vita,
1118 716 1257 759 Zosime,

320 774 366 801 Ad
386 775 576 802 Benedictus.
905 765 1043 797 Praesta
1069 764 1162 797 nobis

952 814 1113 845 medelam
1139 814 1278 856 animae,

131 862 173 896 A.
201 863 296 894 Alme
321 863 452 902 praesul
478 862 614 900 Zosime‚
904 862 996 902 Fuga
1022 866 1146 903 pestem

252 911 351 943 Iubar
377 912 594 949 sacerdotum,
950 914 982 942 et
1007 911 1138 943 morbos
1164 911 1272 943 adime

203 960 294 1000 Auge
320 969 437 997 mores,
466 959 607 1001 reprime
903 958 958 998 Et,
986 959 1041 999 qui
1067 960 1184 1000 plausu

250 1009 410 1040 Vitiorum
436 1013 570 1046 motum,
951 1007 1060 1040 laudis
1085 1007 1269 1040 uberrimae

202 1056 303 1088 Serva
331 1056 464 1096 clerum,
492 1060 627 1097 protege
903 1055 950 1087 Te
976 1057 1139 1095 attollunt,

251 1105 410 1145 Populum
438 1105 589 1137 devotum
951 1113 970 1136 a
996 1105 1090 1137 malis
1116 1105 1230 1141 exime,

204 1191 386 1225 Caietanus,
414 1192 574 1223 Octavius,
603 1191 633 1218 S.
655 1192 680 1223 I,
705 1190 793 1217 Vitae
813 1194 984 1218 sanctorum
1007 1191 1187 1225 Siculorum,
1208 1191 1350 1219 Panormi
1384 1191 1467 1220 1657.

126 1229 210 1256 Τυιῃ.
242 1231 265 1257 1.
287 1230 569 1258 Animadversiones
599 1239 626 1265 p.
656 1228 719 1258 183.
744 1228 914 1262 „Sollemne
941 1229 977 1256 de
1005 1234 1108 1258 sancto
1130 1230 1249 1258 zosima
1278 1230 1409 1258 officium
1439 1233 1470 1259 in

128 1268 255 1295 ecclesia
278 1270 476 1305 Syracusana,
498 1271 694 1305 posteaquam
717 1276 733 1294 a
755 1269 885 1305 Rogerio
902 1268 1016 1295 Comite
1040 1270 1134 1304 pulsis
1150 1270 1309 1297 Saracenis
1331 1271 1472 1298 restituta

127 1310 187 1339 est,
217 1308 288 1334 olim
311 1309 518 1344 peragebatur.
560 1308 691 1335 Exstant
711 1307 835 1342 Hymni,
857 1307 1049 1342 Antiphonae
1071 1312 1100 1335 et
1121 1308 1325 1343 Responsoria
1347 1319 1384 1336 ex
1406 1311 1471 1337 eius

126 1346 190 1372 vita
211 1347 369 1382 desumpta
390 1347 608 1383 descriptaque,
629 1351 661 1373 ut
677 1346 805 1374 barbara
819 1347 955 1374 ferebant
970 1350 1113 1381 tempora.
1150 1347 1286 1382 Hymnos
1303 1348 1469 1377 exscribo.²‘

125 1386 171 1411 An
202 1385 313 1413 diesem
336 1385 473 1412 Officium
502 1387 541 1412 ist
561 1385 659 1412 nichts
684 1383 933 1419 „Barbarisches“
958 1394 995 1412 zu
1017 1385 1198 1422 entdecken;
1228 1387 1403 1415 barbarisch
1426 1397 1471 1415 er-

126 1423 243 1450 scheint
271 1425 406 1461 dagegen
433 1425 482 1452 die
504 1424 642 1460 doppelte
667 1422 897 1458 Unwissenheit‚
920 1423 969 1451 die
991 1424 1054 1451 sich
1076 1426 1107 1451 in
1128 1424 1180 1451 der
1201 1426 1398 1462 Anmerkung
1419 1427 1471 1455 des

124 1462 350 1499 Herausgebers
382 1463 538 1500 kundgibt.
595 1464 734 1498 Hymnen
768 1463 836 1490 sind
870 1464 957 1490 keine
996 1463 1163 1499 mitgeteilt.
1220 1465 1278 1492 Die
1313 1466 1470 1493 einzelnen

124 1501 320 1537 Antiphonen
336 1511 408 1529 usw.
424 1503 491 1529 sind
507 1501 591 1529 nicht
605 1505 751 1538 getrennt,
767 1502 899 1529 sondern
915 1502 959 1528 als
971 1502 1186 1530 fortlaufendes
1199 1503 1300 1532 Gauze
1312 1504 1470 1540 gedruckt.

124 1540 187 1566 Nur
209 1541 282 1567 wird
305 1541 461 1568 innerhalb
484 1542 535 1568 der
557 1541 711 1569 einzelnen
733 1541 913 1568 Nokturnen
935 1543 1101 1578 angezeigt,
1123 1550 1168 1568 wo
1191 1542 1239 1569 die
1264 1543 1468 1579 Antiphonen,

122 1588 167 1604 wo
199 1579 247 1606 die
278 1581 498 1614 Responsorien
528 1580 684 1615 beginnen.
715 1594 750 1597 --
778 1580 819 1607 In
845 1581 872 1608 3.
899 1580 1005 1608 Noct.
1027 1580 1052 1608 A
1080 1579 1112 1611 2,
1144 1580 1157 1607 1
1188 1581 1256 1608 Vox
1282 1583 1407 1618 sopitur.
1431 1599 1468 1603 —

122 1616 151 1646 R
181 1616 213 1651 2,
242 1617 260 1645 4
288 1622 451 1654 tepescant.
473 1635 508 1639 —
531 1619 573 1645 In
601 1619 714 1646 Laud.
738 1618 763 1646 A
785 1617 818 1651 2,
847 1618 865 1646 5
886 1620 910 1646 Α
933 1619 1029 1647 cauJa.
1053 1636 1089 1639 —
1112 1619 1174 1646 Aus
1196 1619 1309 1649 diesem
1331 1621 1470 1649 Officium

123 1656 222 1684 finden
251 1659 314 1685 sich
343 1658 478 1686 einzelne
507 1658 712 1686 Bruchstiicke
739 1659 815 1685 Acta
843 1659 896 1686 SS.
925 1658 1013 1685 Mart.
1036 1659 1098 1693 ΙΙΙ,
1127 1656 1184 1686 840
1205 1659 1232 1686 ff.
1277 1661 1344 1688 Von
1365 1661 1469 1689 diesen

122 1696 349 1724 Bruchstiicken
378 1698 543 1732 registriert
564 1697 738 1725 chevaliers
760 1698 879 1733 Repert.
902 1698 1034 1732 hymnol.
1056 1698 1109 1725 das
1138 1701 1216 1725 erste
1243 1699 1293 1727 Ut
1319 1701 1468 1727 aetatis

120 1743 212 1762 suae
242 1745 350 1771 puer;
379 1736 427 1763 die
459 1737 590 1764 anderen
612 1736 818 1764 ssruchstiicke
841 1753 872 1756 —
898 1736 957 1764 und
980 1737 1057 1764 noch
1077 1738 1209 1772 weniger
1231 1738 1285 1767 das
1307 1738 1409 1767 Gauze
1431 1754 1468 1758 —

120 1774 276 1802 kiimmem
300 1776 351 1802 ihn
373 1776 464 1803 nicht.
