1650 2727
723 165 988 202 —192—

194 263 228 298 4.
256 262 327 296 Deo
354 261 397 295 sit
422 261 617 304 benedictio,

255 312 316 353 Qui
342 320 493 352 sponsam
521 311 562 343 de
587 312 739 345 incendio

257 360 436 401 Babylonis
464 360 594 400 eripuit,

256 410 341 442 Dum
371 418 524 449 sponsum
552 410 644 450 virgo
670 410 805 450 respuit.

195 499 228 532 5.
256 498 433 530 Auctorem
460 506 557 528 unum
584 497 690 529 onmia

255 546 451 579 collaudent
477 546 574 578 laude
600 546 698 588 socia,

255 596 412 629 Valeriae
439 595 493 634 qui
519 595 656 634 gloriam

254 644 356 676 Dedit
382 644 465 674 sicut
493 644 673 677 victoriam.

375 778 420 805 Ad
441 778 631 805 Benedictus.

179 864 221 902 A.
250 867 357 900 Hodie
382 875 502 906 sponsa
528 866 617 906 regia

254 916 415 956 Sponsum
444 914 525 954 petit
554 914 696 952 Valeria,

253 964 361 996 Hodie
387 963 428 994 ab
455 962 610 1002 angelicis

256 1012 377 1044 Fertur
404 1011 510 1042 choris
538 1010 745 1051 hymnidicis,

255 1061 363 1092 Hodie
390 1059 539 1091 thronum
568 1068 697 1090 roseum

254 1109 319 1140 Per
346 1107 476 1149 globum
504 1108 633 1139 scandit
660 1107 799 1148 igneum.

954 265 1047 299 Haec
1071 263 1222 296 sedentes
1249 263 1282 294 in
1308 261 1454 294 tenebris

955 314 1103 346 Illustret
1128 313 1254 352 lampas
1282 310 1433 351 celebris,

956 361 995 395 In
1021 363 1107 396 viam
1134 361 1223 402 pacis
1251 359 1383 401 dirigat,

956 411 1011 444 Ad
1038 419 1172 451 regnum
1198 409 1280 441 lucis
1307 408 1443 449 adligat.

1024 557 1070 588 In
1099 556 1132 588 2.
1159 554 1386 594 vesperis.

1079 632 1125 659 Ad
1146 630 1330 668 Magnificat.

881 722 924 757 A.
951 722 977 755 Ο
1005 720 1136 753 Domini
1163 720 1280 760 pietas,

1005 780 1024 802 0
1051 769 1172 802 Christi
1199 778 1322 800 summa
1349 772 1507 808 potestas,

956 819 1065 851 Morte
1091 818 1175 857 petit
1201 826 1311 848 roseas

1004 866 1138 898 Valeria
1166 866 1256 905 virgo
1285 866 1432 905 choreas,

955 913 1148 955 Magnificat
1172 914 1355 956 Dominum,

1005 972 1078 994 cum
1114 962 1292 1002 virgineum
1321 962 1408 994 canit
1433 962 1526 1004 hym-

1236 1020 1330 1049 num3

957 1060 1117 1100 Impetret
1143 1059 1223 1090 haec
1250 1059 1344 1091 nobis

1005 1113 1158 1140 aeternae
1184 1107 1305 1148 gaudia
1329 1107 1423 1140 lucis.

255 1197 380 1232 Tropar.
419 1204 472 1221 ms.
508 1194 538 1221 S.
575 1195 673 1221 Aridii
706 1195 930 1222 Lemovicensis
966 1204 1043 1223 saec.
1084 1192 1128 1221 11.
1164 1194 1231 1222 add.
1263 1203 1341 1222 saec.
1377 1193 1421 1222 12.
1455 1194 1527 1223 Cod.

177 1234 307 1262 Parisin.
331 1232 396 1262 903.

608 1368 652 1398 79.
695 1368 739 1398 De
761 1369 870 1399 sancto
893 1367 1091 1399 wulfranno.

314 1477 374 1509 Ad
404 1477 677 1510 Matutinum.

384 1568 605 1595 Invitatorium.

251 1671 358 1704 Corde
381 1680 463 1712 puro
490 1672 575 1711 regis
602 1681 712 1712 regum

299 1729 470 1760 poscamus
497 1720 701 1752 clementiam

248 1769 285 1800 In
313 1768 481 1808 sanctique
508 1777 700 1801 veneremur

298 1815 486 1849 Wulfranni
513 1817 701 1851 sollemniis.

308 2002 352 2034 In
382 2002 412 2036 1.
440 2001 678 2035 Nocturno.

388 2093 590 2129 Antiphonae.

178 2198 211 2232 1.
239 2198 379 2231 Sanctus
406 2195 633 2237 Wulfrannus,

289 2246 454 2288 generosis
480 2246 629 2286 patribus
655 2250 756 2290 ortus,

239 2296 270 2329 A
296 2305 398 2337 puero
424 2295 548 2328 sanctis

288 2345 430 2378 traditus
457 2348 506 2376 est
532 2344 661 2378 studiis.

176 2455 210 2489 2.
236 2453 417 2487 Doctrinae
443 2451 599 2493 gradibus

287 2503 418 2536 divinae
443 2500 636 2543 proficiebat

952 1479 1168 1518 Aetatemque
1195 1478 1281 1509 senis

997 1525 1140 1559 moribus
1167 1526 1327 1560 exhibuit.

889 1625 921 1656 3.
949 1623 1039 1655 Nutu
1067 1623 1178 1655 divino

998 1673 1223 1712 clamanteque
1250 1673 1347 1713 plebe
1373 1672 1465 1706 fideli

950 1721 1167 1753 Wulfrannus
1192 1722 1325 1762 praesul

998 1768 1189 1810 praeficitur
1215 1770 1390 1804 Senonum.

887 1869 920 1901 4.
949 1867 1111 1900 Concessa
1135 1877 1154 1899 a
1181 1867 1322 1900 Domino

995 1916 1167 1956 praeclara
1204 1925 1264 1956 per
1290 1918 1398 1950 omnia
1425 1918 1517 1951 euius

946 1965 1057 1997 Virtus
1083 1965 1213 1997 ornavit

994 2012 1181 2054 pontificale
1209 2014 1319 2048 deeuS.

856 2133 866 2138 -
885 2112 917 2143 5.
945 2111 1050 2143 Orans
1077 2112 1282 2143 commissam

994 2159 1139 2200 protexit
1168 2160 1307 2201 denique
1334 2162 1476 2204 plebem,

943 2207 1053 2248 thue
1079 2209 1121 2240 ad
1149 2217 1250 2250 regna
1277 2211 1343 2250 poli

991 2258 1154 2299 tenderet,
1181 2258 1361 2293 admonuit.

881 2355 915 2388 6.
942 2355 1087 2387 Maxime
1112 2356 1264 2396 quodque
1287 2357 1372 2390 solet

990 2404 1114 2436 sanctis
1149 2405 1309 2444 prodesse
1333 2408 1515 2452 magistris,

940 2453 1097 2495 Implevit
1123 2451 1231 2495 factis,

991 2511 1070 2535 voce
1096 2503 1182 2543 quod
1209 2503 1391 2540 admonuit.
