1650 2727
219 226 252 261 3.
279 227 307 261 Ο
333 227 425 269 virgo
453 227 574 261 Christi
604 229 734 271 dilecte,

275 275 381 310 Nobis
406 277 536 309 veniam
563 277 686 318 obtine,

274 325 360 358 Dum
386 326 485 367 pleno
512 335 589 359 vase
615 327 687 359 oleo

273 374 404 408 Mersus
429 383 465 408 es
495 383 604 407 coram
632 375 765 416 populo.

212 464 244 496 4.
274 462 411 495 Illaesus
439 462 507 494 exis
537 462 578 495 de
605 472 642 495 eo

271 511 461 544 Adiuvante
488 515 520 543 te
548 511 700 551 Domin0‚

272 560 410 592 Manens
438 560 570 593 Patmos
598 561 629 592 in
658 560 764 593 insula

272 607 406 641 Secreta
432 608 548 641 videns
578 609 610 640 in
638 619 687 641 ea.

823 130 890 165 127

925 232 956 263 5.

986 228 1135 262 Christus
1163 232 1291 264 vocavit
1321 232 1482 265 dicendo:

984 279 1078 319 Veni,
1107 279 1238 319 dilecte,
1266 280 1441 321 psallendo

958 327 1036 361 ‚Ad
1064 326 1191 371 choros,
1220 338 1298 369 quos
1326 333 1360 361 tu
1386 329 1511 371 vidisti,

983 376 1063 409 Cum
1082 376 1190 409 adhuc
1216 377 1262 409 ibi
1290 378 1449 412 mansisti.

984 465 1010 496 O
1038 465 1198 496 Iohannes
1224 465 1384 505 apostole,

985 513 1115 545 Nostris
1142 514 1270 545 delictis
1299 514 1448 555 condole,

984 562 1156 594 caelorum
1183 567 1274 594 tenes
1301 563 1333 594 in
1361 563 1437 595 aula

984 611 1166 644 Pandendo
1193 611 1286 644 nobis
1314 612 1444 652 gaudia.

545 697 575 730 7.
602 697 716 729 Exora
741 697 836 730 nobis
862 699 1013 741 gratiam,

608 748 653 780 Ut
681 747 840 780 ducamur
863 747 906 780 ad
933 748 1095 788 patriam;

604 796 681 828 Cum
711 797 832 828 dilecto
860 796 1025 837 discipulo

604 845 840 878 Benedicamus
867 845 1020 879 Domino.

249 932 427 968 Rozenpiut,
450 931 638 969 Kancyonitl,
662 930 746 967 1601,
769 943 796 969 p.
818 932 875 961 498
898 944 940 970 sq.

612 1078 673 1109 160.
716 1078 758 1109 De
780 1081 890 1110 sancto
912 1078 1096 1110 Laurentio.

209 1170 239 1202 1.
268 1169 294 1202 Ο
321 1178 446 1202 summa
471 1179 546 1210 spes
573 1169 720 1203 fidelium

268 1217 525 1260 Sanctorumque
549 1219 716 1259 solacium,

206 1297 237 1329 2.
266 1297 319 1329 Ad
352 1301 384 1328 te
410 1298 588 1330 clamantes
616 1298 755 1339 respice,

269 1345 409 1379 Nostras
435 1356 550 1388 preces
576 1357 641 1380 non
670 1347 802 1389 despice

205 1426 238 1458 3.
265 1425 426 1466 Martyris
453 1429 485 1458 et
512 1427 641 1459 diaconi

270 1474 459 1507 Interventu
486 1475 665 1515 Laurentii,

204 1556 237 1586 4.
265 1553 327 1593 Qui
352 1555 460 1586 caecis
485 1554 595 1587 lumen
626 1555 785 1594 reddidit,

269 1602 305 1634 In
334 1607 366 1634 te
392 1612 529 1644 sperans
557 1605 617 1636 hoc
645 1604 760 1637 edidit.

204 1684 236 1716 5.
266 1682 330 1715 Pro
356 1686 414 1714 tuo
442 1683 495 1724 pio
522 1683 651 1716 nomine

268 1731 313 1764 Et
338 1731 492 1765 thesauro
519 1733 677 1766 ecclesiae

243 1819 421 1857 Rozenplut,
444 1819 632 1857 Kancyonz'th
658 1819 741 1855 1601,
765 1831 791 1858 p.
814 1820 879 1849 504.

915 1172 945 1204 6.

919 1300 948 1332 7.

915 1428 946 1460 8.

915 1556 948 1588 9.

895 1684 949 1717 10.

975 1171 1054 1210 Igne
1081 1175 1213 1204 sanctus
1240 1170 1453 1214 comburitur,

977 1219 1097 1252 Passus
1125 1221 1250 1252 caelum
1278 1221 1474 1261 ingreditur,

979 1299 1093 1332 Iacens
1121 1299 1183 1330 iam
1211 1299 1244 1330 in
1272 1299 1431 1332 craticula

978 1347 1088 1381 Gessit
1114 1348 1265 1380 miranda
1290 1357 1400 1388 opera.

975 1428 1000 1460 Ο
1028 1427 1233 1459 sanctissime
1262 1428 1430 1466 Laurenti,

976 1475 1043 1509 Nos
1071 1477 1228 1517 coniunge
1255 1485 1368 1509 sacrae
1395 1477 1494 1518 genti,

977 1555 1023 1589 Ut
1049 1564 1121 1586 cum
1147 1555 1269 1587 sanctis
1295 1555 1504 1598 gaudeamus,

977 1604 1141 1637 Christum
1171 1613 1281 1637 verum
1306 1605 1498 1639 recolamus

981 1684 1068 1724 Ergo
1096 1683 1136 1715 de
1163 1683 1221 1716 tali
1247 1683 1367 1724 gaudio

979 1733 1217 1766 Benedicamus
1243 1733 1395 1766 Domino.

589 1966 644 1998 161.
688 1965 730 1997 Do
752 1969 866 1998 sancta
889 1966 1088 2009 margareta.

529 2063 553 2092 i.
595 2060 621 2093 Ο
648 2061 820 2101 praeclara
846 2061 1048 2101 margareta,

644 2111 727 2149 Ave,
756 2115 790 2142 tu
819 2111 918 2143 decus
947 2109 1119 2150 virginum,

645 2159 741 2192 Serto
768 2159 912 2192 candens
940 2160 1056 2192 lilium.

595 2208 725 2250 Sponsa
749 2209 872 2242 Christi
899 2209 1051 2249 gloriosa,

643 2258 732 2291 Caeli
759 2258 921 2290 scandens
948 2257 1075 2300 solium,

645 2307 762 2340 Evelle
788 2308 897 2340 cordis
922 2307 1047 2340 lolium.

509 2386 563 2420 R⁰
591 2386 702 2424 Salva,
731 2385 873 2427 Christe,
901 2389 934 2418 te
959 2386 1144 2425 laudantes,

593 2436 670 2469 Tibi
698 2435 813 2468 laudes
839 2437 1075 2476 concrepantes

641 2485 759 2519 Cordis
785 2493 857 2517 cum
885 2485 1041 2526 tripudio.
