1650 2727
691 141 959 179 —117—

601 285 658 317 141.
702 286 745 318 De
766 286 865 318 beata
888 286 991 318 Maria
1012 286 1048 317 V.

162 404 193 437 1.
221 404 329 448 Salve,
358 405 490 438 deitatis
517 406 612 446 cella,
869 409 901 441 2.
930 407 1037 450 Salve,
1067 416 1124 439 vas
1151 408 1295 449 deitatis,

220 453 324 495 Virgo
349 454 522 496 virginum,
932 455 1048 489 Cubile
1074 456 1243 495 trinitatis,

269 503 387 546 Maria,
415 506 526 536 nostra
554 504 774 547 consolatrix3
980 505 1080 538 Placa
1108 508 1196 536 tuum
1226 506 1347 545 filium3

220 609 326 654 Salve,
356 609 397 642 de
423 610 535 642 radice
561 610 661 648 Iesse,
928 611 1035 649 Salve,
1065 611 1156 652 virgo
1184 612 1355 652 virginum,

218 658 340 691 Noster
366 659 483 691 chorus
509 662 603 699 optat¹
630 659 748 691 adesse
928 659 1078 700 Deposce
1105 660 1198 692 nobis
1226 661 1367 692 omnium

267 707 494 749 Orphanorum
521 708 730 741 adiutricem.
980 708 1216 741 Remis-‚sionem
1243 709 1426 741 criminum.

144 814 186 848 R.
218 815 271 848 Ex
297 815 439 848 Davidis
464 816 632 857 progenie,
857 816 897 851 R.
930 816 982 848 Ex
1007 820 1040 847 te
1065 817 1211 848 nascitur
1238 826 1335 848 verus

218 864 328 897 Mater
354 865 609 904 misericordiae,
930 866 1021 898 Iesus
1049 866 1198 898 Christus
1226 867 1394 907 parvulus,

218 914 268 946 Tu
293 924 351 947 nos
377 914 419 946 ab
447 914 541 946 hoste
568 918 715 956 protege.
931 915 957 948 O
985 915 1075 955 virgo
1103 919 1242 948 sacrata.

555 1024 587 1056 3.
616 1022 723 1063 Salve,
751 1025 856 1055 mater
882 1021 1002 1066 Maria,

617 1072 688 1104 Tuo
715 1081 774 1104 nos
801 1071 940 1104 concilia

666 1121 758 1161 Regi,
787 1129 898 1162 regum
926 1120 1015 1160 filies,

616 1228 723 1271 Salve,
752 1229 844 1270 virgo
872 1228 1060 1271 singularis,

617 1278 720 1311 Serva
746 1286 805 1310 nos
832 1287 852 1309 a
877 1278 1024 1318 peccatis

666 1327 796 1367 Rogans
823 1331 912 1359 tuum
940 1326 1053 1359 filium.

546 1435 586 1469 R.
616 1435 724 1474 Salve,
753 1435 866 1477 regina
894 1435 982 1476 diva,

617 1485 755 1526 Suscipe
782 1485 863 1516 haec
891 1485 1048 1524 carmina,

665 1534 691 1567 O
720 1534 812 1575 virgo
839 1533 945 1566 beata.

225 1641 310 1670 Cant.
343 1651 397 1669 ms.
429 1642 581 1679 Pragense
610 1642 795 1670 ‹Weneeslai
827 1642 863 1669 de
890 1642 1074 1677 XVyskytna]
1105 1643 1178 1668 anni
1216 1639 1297 1670 1512.
1325 1641 1396 1670 Cmi.
1426 1643 1505 1669 Mus.

144 1681 267 1710 Bohem.
290 1681 367 1710 XIII
388 1682 413 1709 A
436 1680 464 1709 2.

603 1837 666 1868 142.
710 1837 753 1868 De
772 1836 871 1869 beata
894 1836 996 1868 Maria
1017 1836 1053 1867 V.

160 1960 192 1993 1.
218 1959 327 1998 Salve,
352 1960 408 1992 lux
434 1959 593 2001 fidelium,
871 1961 902 1993 2.
932 1959 1054 1993 Nostra
1080 1969 1167 2002 spes,
1192 1959 1336 1992 fidelium

271 2008 400 2042 Lucens
427 2009 462 2042 in
487 2019 618 2047 aurora,
981 2009 1076 2042 Vitae
1103 2010 1301 2050 reparatrix,

220 2059 310 2100 Quae
336 2068 370 2092 es
397 2068 498 2101 supra
524 2059 628 2091 lilium
932 2059 993 2091 Est
1022 2063 1053 2091 et
1079 2059 1139 2092 erit
1168 2059 1266 2092 hodie

267 2108 414 2141 Pulchra
439 2112 471 2141 et
500 2109 631 2142 decora.
980 2108 1091 2141 Mater
1117 2109 1298 2150 virginalis.

553 2219 587 2251 3.
615 2218 824 2259 suspiramus
851 2216 982 2250 fletibus

665 2267 796 2300 Nostris
823 2276 884 2309 pro
911 2266 1056 2308 peccatis

616 2317 661 2350 Et
687 2317 809 2349 nostris
837 2316 1028 2349 criminibus

664 2366 783 2398 Viliter
808 2365 958 2409 patratis.

221 2472 308 2502 Cant.
344 2481 401 2501 ms.
428 2473 581 2510 Pragense
608 2471 794 2506 (Wenceslai
825 2471 863 2500 de
890 2472 1074 2509 Wyskytna)
1104 2473 1176 2501 anni
1209 2470 1291 2499 1512.
1322 2470 1395 2499 (tod.
1423 2471 1501 2499 Mus.

140 2511 267 2542 Bohem.
289 2513 367 2541 XIII
387 2512 414 2540 A
435 2510 462 2541 2.
483 2527 523 2532 -·
543 2510 571 2546 3,
597 2510 616 2541 3
637 2514 749 2540 nostris
770 2512 942 2549 gemitibus,
