1650 2727
715 151 959 186 —93—

598 245 648 278 111.
690 246 734 278 De
755 245 933 278 Nativitate
955 245 1086 277 Domini.

179 338 209 371 1.
238 337 381 370 Verbum
408 338 512 378 patris
538 339 658 371 mundo
685 337 777 370 fulsit

286 388 423 421 Uterum
450 395 509 426 per
536 387 682 428 virginis,

240 435 384 469 Mentem
412 436 502 467 cuius
528 446 591 468 non
618 436 784 478 oppressit

287 485 422 517 Sarcinu
450 485 659 526 peccaminis,

180 575 212 607 2.
242 574 451 614 Praesagium
479 573 714 613 prophetarum

288 623 327 655 In
355 623 414 654 hac
442 621 494 653 die
523 623 689 662 panditur,

240 671 282 703 Et
309 671 412 712 figura
438 670 631 712 paginarum

290 720 382 752 Novo
409 723 507 759 partu
533 720 682 753 solvitur.

181 808 212 839 3.
241 807 301 846 En,
329 810 488 838 secretum
518 806 622 838 Isaiae

292 855 487 896 Propalatur
514 855 621 893 hodie,

240 905 340 936 Porta
365 903 476 935 clausa
501 903 654 935 Ezechiel

291 953 469 984 Reseratur
496 950 624 984 festine.

183 1043 214 1073 4.
241 1041 373 1080 Iamque
401 1039 564 1071 Gedeonis
591 1039 695 1070 vellus

293 1090 328 1121 In
357 1096 432 1120 area
459 1088 594 1127 maduit,

243 1137 356 1168 Rubus
382 1136 547 1175 quondam
574 1135 796 1167 incombustus

293 1185 449 1217 Fructum
478 1185 563 1216 vitae
588 1185 736 1226 protulit.

881 340 912 372 5.
941 338 1009 370 Iam
1036 337 1185 378 captivus
1210 336 1381 376 liberatur,

989 386 1134 419 Zabulon
1162 385 1354 424 conteritur,

943 435 1017 467 vita
1045 436 1153 477 datur,
1180 444 1267 466 mors
1294 432 1440 474 fugatur,

991 484 1080 516 Deus
1107 484 1202 516 homo
1227 483 1385 517 nascitur.

885 575 917 606 6.
944 573 970 606 Ο
995 582 1091 613 quam
1119 571 1283 612 stupenda
1307 570 1416 602 natio!

993 622 1087 653 Parit
1113 622 1205 662 virgo
1231 620 1344 658 filium,

945 670 1095 702 Haesitat
1115 673 1250 710 stupens
1276 668 1362 701 ratio

994 717 1136 752 Infantis
1162 718 1345 750 exordium.

888 808 918 840 7.
946 807 1136 838 Intellectus
1163 804 1380 838 discurrendo

995 854 1198 895 syllogizans
1224 853 1404 885 frustratur

947 904 1085 935 Causam
1112 903 1214 943 prolis
1264 902 1471 945 inquirendo,

997 952 1165 991 Quomodo
1192 952 1397 983 humanatur.

890 1042 922 1073 8.
951 1039 1014 1071 Sed
1043 1039 1207 1071 claudicat
1232 1039 1285 1071 hic
1311 1043 1438 1081 natura,

996 1088 1094 1120 Ratio
1121 1087 1344 1128 confunditur,

949 1137 1032 1168 Nam
1060 1140 1107 1168 est
1134 1138 1215 1169 mira
1238 1138 1400 1178 genitura,

997 1186 1175 1217 Pneumate
1201 1186 1398 1226 disponitur.

566 1271 604 1303 R.
634 1271 659 1304 O
687 1271 783 1303 beata
809 1273 992 1313 progenies,

687 1320 784 1352 Dulci
811 1330 881 1352 cum
909 1330 1072 1362 puerpera

638 1369 690 1401 Ab
717 1370 880 1401 aerumnis
907 1374 939 1401 te
965 1370 1137 1402 laudantes

688 1419 777 1451 Leva
803 1428 902 1459 super
928 1420 1073 1452 aethera.

250 1503 335 1530 Cant.
371 1510 423 1527 ιικ.
456 1501 606 1535 pragense
633 1502 817 1530 (Wenceslai
849 1502 885 1529 de
912 1502 1095 1538 IVyskytna)
1125 1504 1196 1529 anni
1231 1501 1314 1530 1512.
1341 1503 1414 1530 Cod.
1440 1505 1519 1532 Mus.

173 1541 293 1568 Buliem.
317 1541 391 1568 XIII
416 1541 439 1567 Α
462 1540 487 1567 2.

576 1540 597 1569 l.
622 1540 640 1567 4
662 1543 876 1577 peccaminum.
901 1557 935 1560 —
958 1542 1004 1570 R⁰
1026 1542 1105 1569 steht
1126 1542 1226 1570 hinter
1247 1545 1305 1569 Str.
1330 1541 1353 1570 1.

595 1675 651 1706 112.
694 1676 735 1708 De
757 1675 937 1708 Nativitate
958 1677 1090 1708 Domini.

196 1770 226 1802 1.
257 1769 408 1801 Salvator
433 1767 496 1799 iam
525 1767 644 1801 illuxit.

252 1818 367 1849 Mundi
396 1817 577 1856 principem
606 1817 778 1856 destruxit,

251 1866 442 1899 Pastoribus
468 1866 547 1897 dans
576 1866 727 1906 gaudium

249 1916 435 1947 Reclinavit
462 1915 702 1955 praesaepium.

186 2005 205 2035 10

214 2030 219 2036 .
249 2003 275 2035 O
302 2003 385 2034 mira
410 2002 605 2039 humanitas,

248 2052 340 2092 Quod
370 2050 538 2089 virginalis
565 2052 699 2082 castitas

250 2101 387 2140 Semper
410 2099 524 2130 illaesa
551 2101 687 2137 exstitit,

248 2149 298 2181 Ex
325 2156 388 2189 qua
415 2148 504 2179 Deus
530 2147 670 2189 prodiit!

191 2240 222 2271 3.
251 2237 433 2270 Salutemus
460 2235 545 2267 hunc
571 2240 693 2273 natum,

250 2286 455 2319 Immolatum
482 2293 542 2324 per
567 2285 751 2316 ministrum

251 2335 387 2367 Generis
413 2333 563 2371 Levitici‚

249 2385 341 2425 Quod
369 2392 432 2415 non
453 2381 591 2413 credunt
609 2382 819 2417 schismatici.

895 1770 928 1802 4.
956 1768 1075 1801 Omnes
1102 1779 1179 1809 ergo
1205 1770 1410 1810 plaudentes,

956 1819 1085 1850 Patrem
1114 1818 1217 1850 Deum
1247 1824 1451 1859 venerantes,

956 1867 1017 1906 Qui
1044 1876 1102 1899 nos
1130 1868 1324 1900 clarificavit

954 1915 998 1947 Et
1025 1916 1126 1947 filium
1153 1918 1361 1950 condonavit.

895 2006 926 2037 5.
954 2003 1051 2035 Mons
1078 2003 1130 2035 hic
1156 2008 1266 2036 manet
1291 2005 1436 2050 illaesus,

956 2052 1005 2083 De
1030 2062 1093 2092 quo
1113 2052 1260 2085 Christus
1287 2054 1372 2094 lapis
1399 2064 1526 2099 caesus,

955 2100 1058 2132 Nobis
1085 2105 1134 2132 est
1160 2103 1362 2135 condonatus

954 2149 998 2181 Et
1025 2159 1085 2189 pro
1111 2150 1205 2182 nobis
1234 2151 1429 2186 immolatus.

895 2238 926 2270 6.
953 2236 1055 2269 Sacra
1080 2237 1162 2269 haec
1187 2240 1345 2279 mysteria

955 2285 1022 2318 Nos
1048 2287 1232 2326 perducant
1257 2289 1300 2320 ad
1327 2291 1458 2333 gaudia,

955 2334 1020 2367 Ubi
1047 2344 1111 2375 pax
1137 2340 1170 2367 et
1196 2336 1300 2377 gloria

957 2384 1020 2416 Per
1044 2383 1172 2416 infinita
1198 2387 1338 2420 saecula.

256 2467 341 2494 Cant.
374 2473 427 2492 ms.
455 2465 606 2500 Pragense
635 2465 818 2496 (Wenceslai
850 2465 886 2493 de
913 2465 1096 2502 Wyskytna)
1128 2469 1199 2495 anni
1235 2467 1316 2496 1512.
1346 2471 1419 2500 Cod.
1449 2473 1529 2504 Mus.

177 2506 300 2534 Bohem.
323 2506 398 2534 XIII
419 2504 444 2531 A
467 2502 493 2531 2.
515 2519 554 2523 —-
577 2502 601 2537 l,
624 2503 643 2531 4
665 2504 847 2532 Declinavit.
