1650 2727
658 133 920 168 —168—

575 232 690 265 Evelle
717 232 852 272 scelera,
893 259 899 263 .

573 281 624 314 Da
651 282 742 314 nobis
769 281 832 313 iam
860 284 1032 321 praeterea

621 330 729 369 Tales,
756 330 809 371 qui
837 329 955 362 devote

572 379 641 411 Deo
669 379 876 420 famulentur,

573 429 627 460 Ad
655 432 743 461 astra
768 428 928 469 leventur,

622 477 666 509 Et
692 477 834 510 aethera.

196 555 270 583 Piae
286 556 448 583 Cantiones
472 553 546 582 15⁸2
568 555 617 581 fol.
633 555 664 582 M
687 554 703 581 7
727 555 755 581 b.
777 553 1020 590 sq.(K]e1nming
1034 553 1085 584 IV,
1110 551 1167 585 75.)
1190 567 1225 572 —
1248 550 1275 585 2,
1298 550 1316 579 6
1330 552 1378 579 Ex
1393 551 1470 578 actis

117 596 249 631 ipsorum
271 594 414 630 colligite.

629 679 698 711 205.
742 678 783 709 De
806 677 948 709 luscitia.

137 762 168 795 1.
196 759 271 795 olla
297 762 410 793 mortis
437 762 586 802 patescit,

240 811 342 849 Quam
370 811 451 842 vidit
480 810 645 844 Ieremias,

190 859 277 891 Cleri
303 862 406 891 status
434 858 561 891 vilescit

243 908 436 948 Spernendo
463 908 594 939 scholae
622 909 700 948 viaS,

193 956 309 989 Schola
336 957 411 988 nola
438 956 567 988 virtutis

240 1006 332 1037 Tutis
359 1006 535 1046 elangescit
561 1005 714 1045 moribus,

193 1055 253 1093 Qui
281 1058 448 1095 spernunt,
477 1057 612 1085 cernunt,
630 1053 761 1093 luctum,

244 1104 399 1136 Fructum
410 1103 551 1143 perdunt
561 1111 630 1133 rum
641 1102 785 1135 floribus.

137 1184 168 1214 FO

196 1178 361 1220 Linquunt
387 1180 514 1212 scholas
541 1180 706 1211 scholares

244 1230 312 1261 Iam
339 1233 451 1270 spreta
479 1229 665 1268 disciplina,

196 1278 310 1310 Doctis
337 1284 497 1318 apparent
523 1286 619 1317 pares

247 1327 353 1359 Parva
380 1327 467 1358 docti
495 1326 654 1365 doctrina,

196 1375 288 1408 Artis
313 1379 424 1414 partes
451 1379 661 1414 postponunt,

246 1425 453 1462 praeponunt
480 1423 633 1461 aulizare,

195 1473 257 1513 Qui
285 1472 346 1503 scit
372 1482 484 1513 parum
512 1471 589 1512 quid
609 1472 766 1512 scribere,

247 1522 335 1553 Arae
361 1530 395 1552 se
422 1521 491 1553 vult
518 1520 640 1553 dicare.

137 1602 167 1633 3.
196 1596 360 1639 Apostata
385 1598 523 1631 infestus

247 1648 293 1680 Ut
319 1657 393 1680 suos
420 1648 492 1688 plus
518 1647 681 1684 molestat,

198 1697 305 1730 Aulae
331 1697 472 1738 scriptor
497 1696 653 1728 molestus

249 1745 304 1778 Sic
330 1749 363 1777 et
390 1746 508 1777 clerum
535 1743 680 1781 infestat,

201 1797 247 1827 At
275 1803 352 1826 cura
377 1794 565 1835 praelatura

248 1843 438 1875 Aulizantes
463 1843 596 1882 exaltat,

198 1892 383 1934 Provectos,
412 1892 479 1923 vita
505 1896 612 1923 rectos

246 1941 316 1973 Hos
343 1940 446 1973 honor
471 1941 534 1972 iam
564 1942 733 1980 persaltat,

834 762 866 793 4.
896 757 1030 801 Virgam
1059 759 1141 792 vidit
1168 759 1332 800 propheta

945 808 1116 841 Praefatus
1144 808 1343 848 vigilantem,

895 858 932 890 In
960 858 1080 890 scholis
1104 865 1186 897 quae
1212 861 1262 888 est
1288 860 1400 896 spreta

945 908 1007 939 Per
1033 910 1172 938 mentem
1197 908 1415 946 arrogantem,

896 955 997 988 Curas
1025 956 1123 987 duras
1151 954 1345 996 despiciunt,

947 1005 1061 1038 Sciunt
1087 1004 1141 1035 vix
1170 1003 1211 1045 la,
1240 1004 1299 1041 sol,
1327 1001 1372 1043 fa,
1401 1011 1448 1044 re,

898 1053 1014 1086 Statim
1041 1053 1175 1093 gradum
1203 1053 1249 1084 sic
1276 1052 1400 1093 sitiunt,

946 1103 1046 1134 Fiunt
1072 1104 1216 1133 astantes
1243 1110 1329 1133 arae.

839 1183 869 1211 ἴ.
897 1175 994 1212 Uitae
1021 1180 1073 1211 via
1101 1179 1232 1219 vitatur,

947 1229 1030 1260 Dum
1059 1228 1146 1259 clero
1175 1227 1337 1267 deviatur,

900 1277 963 1309 Pro
990 1277 1083 1308 libris
1110 1275 1230 1316 trupha
1258 1277 1363 1316 datur,

948 1326 1085 1358 Taxillis
1114 1325 1309 1364 disputatur,

901 1374 1009 1412 Tales,
1036 1374 1147 1414 quales
1175 1373 1209 1405 hi
1236 1378 1362 1415 regunt,

948 1423 1079 1463 Degunt
1104 1426 1175 1454 arte
1203 1423 1363 1455 sollertes.

900 1471 983 1512 Heu,
1011 1472 1064 1503 lex
1091 1480 1186 1511 quam
1213 1481 1291 1513 grex
1309 1470 1464 1511 insignis!

950 1521 1066 1561 Dignis
1093 1518 1239 1560 praefert
1264 1521 1396 1552 inertes.

867 1627 874 1634 .
903 1596 981 1632 Sors
1008 1599 1069 1631 Dei
1097 1602 1204 1630 exstat
1230 1600 1336 1631 clerus

953 1649 1003 1680 Ex
1032 1648 1151 1680 scholis
1178 1651 1379 1688 procreatus.

904 1697 947 1730 Ut
975 1698 1015 1728 sit
1043 1698 1126 1729 votis
1153 1697 1310 1734 sincerus,

952 1747 1033 1779 Orat
1057 1755 1118 1786 pro
1144 1746 1241 1787 vulgo
1269 1750 1402 1788 gratus;

904 1794 929 1827 Ο
958 1795 1098 1832 Christe,
1124 1795 1177 1835 pie
1205 1796 1353 1835 Domine,

954 1844 1035 1876 Esto
1058 1845 1146 1876 clero
1173 1845 1328 1886 solamen,

902 1892 945 1925 Ut
972 1893 1016 1931 hi,
1044 1893 1099 1934 qui
1126 1892 1185 1924 tibi
1212 1894 1363 1934 militant,

951 1943 1066 1974 Vitent
1093 1943 1200 1974 dirum
1227 1951 1375 1977 examen.

202 2019 275 2046 Piae
292 2018 454 2046 Cautiones
479 2015 553 2045 1582
574 2017 624 2043 fol.
639 2018 671 2044 M
696 2017 707 2044 1
731 2018 749 2045 b
772 2027 834 2054 sqq.
849 2018 1034 2056 (Klemming
1049 2020 1100 2055 IV,
1122 2019 1161 2047 54
1181 2019 1222 2055 ff.)
1241 2036 1279 2040 —
1302 2021 1364 2048 Der
1378 2020 1475 2048 Name

124 2059 259 2091 Olaus,
288 2057 344 2084 den
373 2057 425 2084 flas
448 2055 649 2084 Akrostiehon
678 2058 792 2089 verrat,
822 2058 861 2084 ist
890 2058 936 2085 ein
967 2068 999 2085 so
1027 2059 1177 2095 hiiufiger,
1207 2059 1273 2087 dass
1302 2069 1334 2088 es
1360 2059 1475 2088 schwer

124 2098 200 2130 fallt,
229 2106 268 2124 an
290 2095 355 2123 eine
376 2097 545 2124 bestimmte
566 2093 805 2124 Persssnlichkeit
826 2096 870 2123 als
894 2097 1050 2126 Vei-fasser
1073 2108 1109 2126 zu
1130 2099 1258 2128 denken.
1302 2101 1397 2128 Unter
1418 2099 1477 2127 den

126 2137 284 2165 Bischbfen
306 2144 365 2163 von
388 2136 453 2163 Abo
474 2135 572 2162 finden
594 2135 648 2162 wir
670 2137 756 2163 einen
778 2135 870 2163 Olaus
892 2136 997 2173 Magni
1019 2138 1040 2170 †
1066 2136 1150 2166 1460.

619 2249 686 2281 206.
729 2250 772 2282 De
794 2249 978 2290 Disciplina.

141 2335 175 2368 1.
202 2331 407 2373 Disciplinae
432 2331 518 2365 filius

257 2381 314 2415 Ait
341 2382 579 2424 imperterrito:

205 2431 337 2471 Frater,
367 2441 424 2464 cur
449 2430 488 2463 fis
516 2431 638 2469 devius,

257 2481 324 2514 Cur
350 2481 449 2514 sudas
475 2481 507 2513 in
536 2479 655 2513 devio?

909 2332 990 2366 Esto
1017 2334 1087 2367 Noe
1114 2334 1229 2368 similis

960 2383 1176 2416 consecratus
1201 2385 1352 2426 Domino,

909 2430 1010 2464 Forte
1037 2442 1105 2465 sum
1133 2433 1278 2475 odibilis,

960 2481 1042 2522 Quia
1071 2491 1180 2515 verum
1210 2484 1356 2518 concino.
