1650 2727
712 130 953 168 -55—

617 422 662 453 68.
707 422 747 453 De
771 422 871 454 Beata
891 421 994 454 Maria
1013 422 1051 453 V.

177 563 206 594 1.
237 561 330 599 Veni,
358 565 469 592 sancte
496 561 639 601 spiritus,

236 610 276 642 Et
305 611 337 641 in
365 618 416 640 me
443 610 542 641 robur
565 619 645 650 auge

285 659 476 699 virtuosum,

234 707 375 740 Efl'unde
402 707 509 738 lumen
538 707 673 739 caelitus

237 757 279 788 Et
308 755 440 798 munda,
468 755 554 796 quod
582 761 629 787 est
656 756 686 788 in
714 765 765 788 me

283 805 445 837 vitiosum.

237 854 303 886 Fer
328 853 471 885 solamen
499 853 628 894 misero,

284 902 343 944 Qui
372 903 486 934 nititur
512 901 646 934 laudare

238 952 388 989 Mariani,
417 952 503 991 piam
532 951 698 991 virginem,

285 1000 382 1033 Cuius
410 1000 539 1032 laudem
566 999 699 1032 intendo

333 1049 519 1089 propalare.

180 1170 209 1199 2,
240 1166 356 1203 Maria,
383 1170 487 1197 muter
513 1166 649 1205 glutine.

240 1216 320 1256 Spes
347 1215 471 1254 veniae⁷

287 1264 437 1297 Solamen
464 1263 668 1305 miserorum,

240 1314 288 1345 Tu
316 1313 430 1344 civitas
455 1312 608 1354 iustitiae,

241 1363 305 1394 Vas
332 1362 465 1401 gloriae,

290 1411 486 1450 Reparatrix
514 1419 662 1450 reorum;

242 1460 290 1492 Tu
319 1459 414 1491 stella
441 1459 540 1492 maris
567 1459 686 1495 lucida,

292 1510 341 1542 Tu
366 1509 504 1540 mtilans
531 1518 658 1546 aurora,

238 1558 287 1590 De
314 1567 364 1590 me
393 1558 503 1590 demas
529 1566 657 1598 aspera,

242 1607 289 1639 Da
316 1617 484 1648 prospera,

291 1657 354 1689 Cor
380 1657 506 1688 aridum
536 1655 681 1688 dulcora.

180 1778 213 1806 5¹».
239 1775 322 1810 Ave,
349 1774 461 1813 regina
488 1773 648 1813 virginum

238 1823 279 1856 Et
309 1823 507 1863 angelorum,

288 1873 440 1906 Thronus
468 1872 661 1909 Salomonis,

242 1922 289 1954 Tu
317 1922 473 1962 peperisti
502 1921 664 1953 dominum

242 1972 432 2012 Caelorum3

288 2021 369 2058 Ave,
398 2020 501 2052 vellus
526 2018 702 2056 Gedeonis‚

240 2070 289 2101 Tu
317 2069 386 2101 sola
413 2069 504 2110 virgo
529 2068 674 2099 crederis

287 2119 332 2151 Et
357 2122 461 2150 mater
489 2117 632 2153 deitatis.

240 2168 288 2200 Tu
316 2167 386 2200 sine
412 2167 506 2207 spina
530 2165 645 2204 lilium,

239 2216 430 2249 Triclinium

290 2265 404 2300 Totius
432 2263 599 2296 trinitatis.

874 562 906 596 4.
935 563 983 594 Tu
1012 562 1163 595 virtutum
1190 563 1368 603 speculum,

938 611 1040 643 Lucet
1065 611 1098 643 in
1125 616 1157 643 te

988 659 1169 692 Salomonis
1195 659 1320 700 sophia,

936 708 984 740 Tu
1010 708 1216 748 perlustrasti
1244 707 1407 740 saeculum

938 757 1120 797 Splendore

988 804 1158 844 claritatis,
1186 813 1205 836 ο
1231 804 1349 838 Maria.

938 854 1031 886 Luna
1057 854 1116 885 sub
1142 854 1206 885 tuis
1232 853 1380 892 pedibus„

987 902 1035 934 Tu
1063 911 1096 934 es
1123 901 1243 934 amicta
1267 903 1347 942 sole,

940 951 990 983 Ex
1017 955 1049 981 te
1075 949 1234 990 processit
1260 949 1346 982 filius

940 1000 1044 1032 Homo
1071 999 1159 1031 Deus

988 1047 1064 1081 Sine
1090 1047 1218 1088 peccati
1244 1047 1338 1081 mole.

907 1191 914 1198 .
942 1165 1125 1205 Languoris
1153 1169 1187 1197 tu
1213 1164 1379 1206 solacium,

945 1214 1147 1246 peccantium

992 1263 1042 1295 Tu
1067 1263 1219 1302 spatium,
1246 1262 1367 1299 Maria,

944 1313 1025 1352 Spes
1052 1312 1085 1342 in
1111 1316 1143 1343 te
1169 1312 1380 1351 sperantium,

940 1360 1127 1393 Errantium

991 1409 1040 1441 Tu
1066 1418 1100 1441 es
1128 1409 1253 1441 directa
1281 1410 1341 1443 via.

943 1460 1047 1490 Actus
1073 1467 1162 1490 meos
1189 1457 1310 1498 dirigas

993 1508 1131 1547 Orisque
1156 1515 1232 1547 rege
1259 1506 1357 1550 dicta,

946 1557 1066 1588 Hostes
1090 1559 1244 1588 nocentes
1270 1555 1418 1588 destinas

944 1605 988 1637 Et
1014 1605 1132 1646 diluas,

994 1654 1103 1694 Virgo,
1129 1663 1201 1686 mea
1228 1653 1357 1687 delicta.

909 1799 913 1804 .
942 1773 992 1804 Tu
1018 1781 1093 1804 rosa
1119 1780 1238 1812 parens
1265 1772 1380 1812 lilium,

942 1822 991 1854 Tu
1018 1821 1126 1853 virens
1150 1821 1241 1860 virga

992 1870 1132 1902 fructum
1161 1869 1339 1910 protulisti,

943 1919 1021 1951 Cum
1048 1917 1208 1959 peperisti
1234 1917 1346 1958 filium,

943 1970 1044 2007 Quem
1072 1971 1185 1999 contra
1207 1966 1314 1998 carnis

991 2025 1112 2048 morem
1139 2015 1295 2056 genuisti3

944 2065 993 2097 Tu
1019 2069 1123 2095 mater
1147 2063 1245 2096 maris
1273 2064 1390 2106 nescia,

991 2113 1083 2146 Cella
1107 2111 1300 2151 divinitatis,

942 2163 972 2194 A
998 2160 1092 2194 nobis
1118 2161 1205 2201 pelle
1231 2162 1329 2194 noxia

942 2211 986 2243 Et
1011 2210 1102 2249 vitia,

991 2258 1059 2290 Nos
1085 2258 1193 2290 solvas
1220 2267 1238 2289 a
1266 2259 1410 2299 peccatis

589 2320 630 2352 Et
659 2318 711 2351 fac
738 2317 870 2350 caelesti
895 2317 1002 2358 gloria

636 2367 789 2401 Gaudere
814 2375 886 2398 cum
913 2365 1028 2398 beatis.

244 2490 330 2517 Pass.
358 2491 388 2516 et
416 2487 498 2515 Orat.
526 2494 581 2512 ωε.
607 2483 849 2512 Emmeramense
874 2490 953 2511 saec.
983 2480 1029 2510 14.
1057 2482 1096 2508 in.
1126 2481 1199 2510 clm.
1219 2482 1378 2514 Monacen.
1402 2485 1512 2517 14528,
