1650 2727
265 248 276 254 ”
303 257 350 290 ln
378 256 616 291 Laudibus.
947 257 1012 290 Sed
1040 256 1157 290 robore
1184 257 1347 292 stabilitat

995 305 1133 338 Perfusa
1161 306 1243 338 caeli
1269 307 1387 348 gratia,

942 355 1107 395 Hymnum
1144 364 1261 386 novum
1294 365 1366 388 cum
1387 357 1494 397 gloria

995 403 1065 437 Sibi
1093 408 1187 435 canat
1215 405 1366 438 ecclesia.

357 333 560 369 Antiphonae.

174 421 206 456 1.
236 421 446 455 Praecinetus
470 421 665 456 fortitudine

284 470 465 504 Eunufrius
493 472 670 512 prostravit

234 519 371 552 Hostem
397 524 430 551 et
453 520 701 562 pulchritudine
1037 520 1080 547 Ad
1106 519 1294 548 Benedictus

283 569 420 602 Indutus
448 569 621 602 honoravit

236 617 401 651 Christum
427 623 458 650 et
485 618 739 651 sanctitudinem

283 667 406 700 Domus
434 667 502 699 eius
529 668 662 701 amavit.

868 600 910 633 A.
938 600 976 632 In
1003 598 1178 630 sanctitate
1205 599 1345 632 Domino

991 647 1132 681 Servivit
1161 653 1192 679 et
1220 648 1355 683 iustitia.

941 696 1094 728 Mortalis
1122 696 1207 728 vitae
1235 698 1374 729 termino

990 745 1122 778 Solutus
1145 755 1163 777 a
1191 747 1321 779 miseria

1037 793 1217 827 Eunufrius
1244 796 1368 832 beatus,

992 844 1089 876 Nunc
1116 842 1236 876 fruitur
1263 846 1296 876 in
1324 846 1433 884 putria

993 894 1095 925 Beata
1123 894 1205 925 caeli
1232 893 1351 934 gaudia

1038 942 1276 982 Splendoribus
1303 948 1447 977 ornatus.

174 766 206 798 2.
235 765 349 798 Soluto
374 765 489 806 culpae
517 766 645 798 vinculo

283 814 468 847 Contemnit
497 815 673 851 civitatem.

233 863 365 896 Deserti
394 863 605 896 tabernaculo

283 912 425 946 Locatus
451 913 634 946 ubertatem

234 961 369 1000 Quaerit
395 961 529 994 virentis
556 971 708 1003 pascuae,

284 1010 347 1042 Dei
374 1011 580 1045 suavitatem.

174 1110 207 1142 13.
236 1109 286 1141 De
312 1109 384 1141 luce
412 1109 481 1141 Deo
509 1110 646 1150 vigilans
990 1089 1035 1120 1¹¹
1062 1091 1093 1122 2·
1121 1089 1346 1129 Vesperis.

284 1159 321 1191 In
349 1163 461 1190 sancto
488 1159 534 1190 sic
561 1164 710 1200 apparet,
1042 1166 1086 1193 Ad
1109 1166 1293 1201 Magnificat.

235 1207 280 1240 Ut
307 1208 411 1248 ipsum
441 1212 548 1239 mente
574 1209 687 1240 sitiens

284 1257 419 1289 videret
446 1262 478 1288 et
503 1262 640 1296 amaret,
867 1255 908 1287 A.
937 1254 1089 1294 Eunufri„
1118 1261 1212 1295 pater
1239 1257 1373 1296 optime.

236 1307 343 1337 Antra
371 1306 491 1338 deserti
517 1311 695 1346 penetrans
940 1304 987 1336 Te
1012 1305 1200 1336 immanius
1228 1305 1335 1337 hodie.

283 1355 418 1394 Quietus
445 1359 476 1386 et
503 1360 623 1388 oraret.
990 1353 1094 1394 Imple
1121 1354 1166 1384 tui
1195 1354 1403 1387 memoribuS.

1037 1402 1129 1443 Quod
1159 1403 1212 1442 pie
1240 1403 1432 1444 promisisti.

172 1454 207 1485 4.
236 1453 295 1485 Vir
321 1453 421 1484 corde
446 1456 593 1492 sanctus,
621 1453 750 1485 humilis
939 1452 1055 1484 Funde
1088 1461 1202 1492 preces
1230 1452 1271 1484 ad
1300 1453 1487 1495 Donnnum,

281 1503 319 1534 In
347 1503 412 1534 vita
439 1500 608 1534 benedixit
989 1501 1032 1533 Ut
1060 1501 1166 1533 deleat
1195 1501 1354 1542 contagia,

233 1550 348 1594 Deum,
378 1552 498 1583 virtute
525 1551 653 1583 stabilis
988 1551 1113 1583 Cuncta
1141 1550 1242 1590 pellat
1270 1551 1388 1586 tristia,

281 1600 454 1632 Diabolum
481 1599 621 1642 adflixit,
991 1600 1093 1640 Fuget
1120 1600 1331 1631 adversantia

233 1648 274 1681 Se
301 1653 409 1681 mente
436 1649 519 1680 caeli
545 1649 664 1682 habilis
1037 1647 1173 1681 Sublato
1200 1658 1296 1680 saevo
1322 1649 1440 1687 iudice,

281 1699 412 1732 Christo
439 1698 528 1730 cruci
555 1698 698 1731 confixit.
989 1698 1149 1730 Concessa
1177 1698 1294 1739 culpae
1322 1699 1427 1738 venia,

987 1747 1083 1780 Omni
1110 1747 1206 1787 pulsa
1232 1747 1365 1779 miseria

172 1797 203 1829 5.
234 1797 331 1829 Hunc
356 1801 503 1830 sanctum
531 1800 644 1830 contra
663 1797 781 1828 militat
988 1796 1091 1828 Nobis
1118 1801 1251 1828 aeterna
1280 1796 1400 1837 gaudia

283 1845 359 1886 Nix,
388 1847 482 1887 ignis,
501 1846 638 1888 grando,
657 1846 780 1889 pluvia,
989 1845 1095 1878 Donet
1123 1845 1155 1876 in
1184 1846 1267 1877 caeli
1296 1846 1397 1878 curia.

210 1934 320 1962 Pontis.
352 1943 405 1962 ms.
437 1934 641 1962 Paulanorum
676 1942 751 1962 saec.
787 1932 832 1962 15.
871 1933 942 1961 Cod.
980 1934 1118 1961 Vatia—nn.
1152 1934 1294 1961 Ottobon.
1328 1931 1393 1961 502.
1452 1935 1484 1961 In

129 1973 245 2002 Laud.
269 1973 296 2002 A
317 1972 345 2007 4,
367 1973 385 2002 4
407 1973 531 2001 addixit.

581 2091 630 2123 25.
673 2090 714 2122 De
736 2091 849 2122 saneta
871 2089 1031 2121 Eustena.

272 2193 317 2226 In
347 2194 378 2227 1.
408 2193 631 2235 Vesperis.
972 2193 1033 2225 Ad
1062 2191 1344 2225 Matutinum.

326 2281 372 2310 Ad
395 2280 579 2318 Magnificat.
1051 2280 1272 2307 Invitatcwimn.

151 2373 192 2407 A.
219 2372 323 2414 Regia
350 2373 442 2415 virgo
469 2370 530 2404 fuit
937 2370 1059 2410 Regem
1088 2378 1173 2401 nunc
1201 2368 1374 2409 virginum.

275 2421 428 2455 Eustena
453 2421 646 2464 parentibus
672 2426 744 2452 orta
936 2419 1123 2451 Laudemus
1153 2417 1336 2452 Dominum,

228 2471 425 2505 Xantonicis
449 2475 482 2504 et
508 2471 602 2513 aquis
937 2468 998 2508 Qui
1026 2468 1109 2501 hanc
1136 2467 1257 2508 regiam

276 2521 409 2555 ethnica
434 2520 525 2554 lauta
549 2520 664 2554 sacris
939 2517 1107 2559 Virginem
1134 2516 1317 2549 Eustellam
