1650 2727
735 157 971 194 -39..

572 251 624 284 40.
668 253 700 286 ln
724 235 972 286 &surrectione
996 253 1130 286 Domini.

193 335 224 370 1.
253 335 437 368 Mittendus
463 336 678 378 praedicitur,

250 384 361 417 Morte
387 385 471 417 vitae
499 383 650 427 ducitur,

248 432 295 466 Et
320 433 510 474 praedictus
538 433 689 476 mittitur,

297 482 489 524 Concipitur

297 532 340 564 Et
366 532 523 571 nascitur,

345 579 499 620 Magnum
528 579 708 613 consilium.

245 629 354 661 Morte
382 629 468 661 vitae
496 629 637 660 vincitur

294 677 340 710 Et
364 678 494 710 tollitur

293 726 339 758 Et
364 728 502 759 moritur

343 775 462 808 Mortis
491 775 682 809 dominium.

188 856 220 888 2.
249 853 338 886 Deus
367 854 462 887 homo
489 854 644 893 nascitur,

248 903 359 935 Morte
387 904 472 936 citae
500 903 652 940 vincitur,

245 951 290 984 Et
315 957 453 994 propter
477 962 536 984 nos
563 952 717 992 traditur,

295 1001 506 1042 Conspuitur,

296 1051 516 1083 Contunditur

345 1099 390 1131 Et
415 1099 451 1131 fit
477 1098 703 1140 opprobrium,

246 1148 355 1180 Morte
382 1148 469 1181 vitae
496 1148 639 1180 vincitur

296 1198 341 1230 Et
366 1197 494 1230 tollitur

294 1247 338 1279 Et
364 1247 503 1279 moritur

344 1295 464 1328 Mortis
491 1295 681 1329 dominium.

897 339 926 371 3.
956 336 993 370 In
1022 345 1119 368 cruce
1146 337 1368 377 suspenditur,

956 385 1069 418 Morte
1096 385 1180 417 vitae
1207 385 1359 425 rincitur,

957 433 1094 474 Sanguis
1121 443 1205 474 aqua
1230 434 1362 471 labitur.

1006 482 1191 515 Redimitur

1003 531 1045 563 Et
1074 531 1195 572 tegitur

1054 580 1171 613 Mundi
1200 579 1368 621 flagitium.

955 629 1065 663 Morte
1093 630 1179 661 vitae
1207 630 1347 661 vincitur

1004 678 1049 710 Et
1075 678 1204 710 tollitur

1003 727 1046 759 Et
1073 728 1211 759 moritur

1052 777 1171 809 Mortis
1200 776 1387 809 dominium.

896 858 929 888 4.
958 855 1170 888 Consolemur
1196 854 1305 897 igitur,

956 904 1069 937 Morte
1097 904 1181 936 ritae
1208 903 1360 941 vincitur,

958 953 1119 994 Surrexit,
1147 963 1210 985 non
1238 954 1385 995 moritur,

1005 1002 1230 1034 Absconditur

1007 1051 1051 1083 Et
1078 1052 1224 1083 creditur

1056 1101 1211 1133 Nostrum
1239 1101 1406 1134 iudicium.

953 1149 1062 1182 Morte
1091 1149 1176 1181 vitae
1204 1149 1345 1182 vincitur

1004 1199 1046 1230 Et
1074 1199 1202 1230 tollitur

1004 1248 1048 1279 Et
1075 1248 1213 1280 moritur

1054 1297 1174 1329 Mortis
1203 1298 1391 1329 dominium.

248 1373 372 1401 Collect.
404 1383 458 1400 ms.
480 1374 606 1401 Maioris
628 1373 809 1401 Monasterii
835 1382 911 1401 saec.
936 1372 1014 1401 ¹³!14.
1036 1375 1108 1402 Cod.
1131 1375 1279 1402 Turonen.
1303 1373 1360 1402 615
1380 1373 1467 1407 (927).
1490 1390 1524 1394 —

170 1411 196 1447 2,
220 1410 238 1440 5
261 1412 461 1441 contenditur.
485 1427 522 1431 —
544 1412 571 1445 3,
597 1411 615 1440 5
638 1416 667 1440 et
687 1414 809 1448 regitur.
835 1427 871 1433 —
894 1413 957 1441 Aus
979 1413 1078 1441 dieser
1100 1414 1154 1441 Hs.
1178 1413 1254 1442 auch
1278 1414 1324 1442 bei
1348 1414 1527 1446 Luzarehes,

172 1451 267 1480 office
289 1452 324 1480 de
346 1452 474 1488 Paques.
497 1461 525 1488 p.
548 1450 621 1480 50ff.

578 1558 621 1589 41.
662 1558 697 1590 ln
719 1557 969 1591 Resurrectione
990 1559 1123 1591 Domini.

185 1641 217 1675 1.
244 1639 439 1673 Resurrexit
465 1639 568 1672 libere

243 1687 350 1722 Filius
377 1698 560 1731 puerperae

292 1739 355 1771 Die
381 1740 501 1778 tertia3

292 1788 366 1827 Eia,

291 1837 443 1871 Gaudeat
469 1837 608 1870 ecclesia

290 1887 385 1920 Nova
413 1887 523 1920 colens
550 1887 731 1921 sollemnia.

178 1969 212 2003 2.
239 1967 308 2000 Nos
335 1966 448 1999 volens
475 1967 638 2000 redimere

238 2016 292 2050 Ab
318 2014 440 2050 inferni
468 2025 602 2050 carcere

287 2066 351 2099 Die
377 2067 497 2108 tertia;

285 2116 359 2155 Eia,

287 2165 440 2199 Gaudeat
465 2165 605 2199 ecclesia

286 2214 382 2249 Nova
408 2215 518 2248 colens
546 2214 729 2249 sollemnia.

892 1642 924 1674 3.
952 1641 1090 1674 Festina
1116 1642 1179 1674 iam
1208 1642 1353 1685 credere,

955 1691 1098 1724 Iudaeae
1124 1701 1203 1733 gens
1230 1692 1381 1730 miserae,

1003 1740 1066 1773 Die
1092 1742 1209 1781 tertia;

1003 1790 1078 1831 Eia,

1005 1839 1157 1872 Gaudeat
1185 1840 1325 1873 ecclesia

1002 1889 1096 1922 Nova
1124 1890 1233 1922 colens
1260 1890 1447 1924 sollemnia.

890 1970 923 2002 4.
953 1968 1049 2002 Hunc
1077 1978 1153 2002 vere
1181 1979 1352 2011 resurgere

955 2019 1166 2053 Gaudeamus
1194 2019 1291 2052 hodie

1001 2067 1064 2100 Die
1091 2069 1209 2112 tertia3

1000 2117 1073 2158 Eia,

1001 2167 1151 2200 Gaudeat
1179 2168 1319 2200 ecclesia

1003 2216 1097 2249 Nova
1125 2217 1235 2250 colens
1262 2218 1444 2250 sollemnia.

243 2293 369 2322 collect.
401 2302 454 2321 ms.
477 2293 605 2322 Maioris
627 2294 808 2322 Monasterii
831 2303 908 2322 saec.
935 2293 1009 2323 ¹²³!u.
1033 2294 1104 2324 Cod.
1127 2296 1278 2325 Turonen.
1302 2294 1358 2323 «315
1379 2294 1447 2326 (927
1456 2303 1467 2325 ,1.
1490 2311 1528 2314 —

160 2333 188 2370 4,
215 2332 234 2363 2
254 2333 308 2362 der
328 2333 482 2362 schlechte
503 2334 589 2362 Reim
618 2333 735 2362 hodie
759 2333 831 2361 lasst
852 2335 920 2362 eine
942 2334 1126 2363 Verderbnis
1149 2335 1202 2363 des
1224 2335 1332 2363 Textes
1355 2339 1530 2366 vermuten2

160 2373 300 2403 derselbe
320 2371 408 2401 liesse
433 2372 497 2402 sich
520 2374 575 2401 mit
598 2373 655 2401 den
678 2373 893 2402 iiberlieferten
916 2375 1043 2402 Worten
1064 2378 1141 2402 etwa
1166 2385 1199 2403 so
1223 2375 1401 2402 herstellen:

644 2412 840 2441 Gaudeamus
862 2412 942 2441 hunc
964 2422 1034 2442 vere

234 2450 242 2457 “
644 2452 746 2480 Hodie
768 2460 935 2488 resurgere.

242 2491 306 2520 Aua
328 2491 488 2520 dei-selben
511 2492 565 2519 Hs.
588 2491 666 2520 auch
688 2492 736 2520 bei
754 2491 935 2526 Luzarches,
961 2492 1053 2521 office
1075 2494 1111 2522 de
1131 2493 1259 2530 Paques,
1283 2503 1310 2530 p.
1333 2491 1371 2522 60
1393 2503 1446 2531 sq..
1470 2495 1525 2522 mit

163 2532 326 2571 folgenden
347 2530 492 2560 Fehlern:
515 2529 541 2565 2,
564 2530 582 2559 2
605 2531 650 2559 De
672 2532 791 2560 inferni.
814 2547 851 2552 —
873 2529 900 2567 3,
926 2530 939 2560 1
963 2533 1024 2561 iam
1047 2533 1142 2561 edere.
