1650 2727
695 132 935 168 ...19-.

595 293 623 324 3.
666 294 708 326 De
730 294 884 336 sepulcro
906 296 1041 328 Domini.

288 393 331 426 In
358 393 388 426 1.
419 394 600 436 Vesperi
616 405 641 430 s,

358 471 559 509 Antiphonae.

173 572 206 604 1.
239 570 403 604 Christum
431 581 516 604 nunc
543 572 687 617 laudate,

285 619 347 659 Qui
372 620 480 653 omnia
507 621 641 664 creavit,

236 669 280 701 Et
306 668 450 702 tumbam
478 670 647 710 honorate,

868 556 910 589 A.

287 717 386 757 Quam
415 718 478 751 sibi
505 721 697 756 reservavit.

169 831 201 863 2.
234 829 385 863 Laudate
411 831 595 874 Dominum,

284 878 368 911 Nam
395 881 464 912 sine
491 879 622 913 fallacia

232 928 313 960 Eius
341 928 374 960 in
401 934 567 962 aeternum

281 977 396 1009 Manet
421 979 491 1010 laus
518 983 549 1010 et
576 979 690 1020 gloria.

170 1092 202 1124 3.
235 1089 350 1122 Lauda
382 1095 601 1133 regnaturum,

283 1139 393 1171 Elisos
420 1140 595 1181 erigentem

233 1187 400 1228 Nobisque
427 1188 645 1229 profuturum,

944 399 1004 431 Ad
1043 398 1393 440 Completorium.

990 470 1085 506 Super
1107 473 1193 499 Nunc
1215 471 1351 498 dimittis.

943 554 1075 588 'rumuli
1102 555 1243 587 iucunda

994 604 1082 644 lugis
1109 603 1283 644 fraglantia

941 652 1032 685 Sicut
1063 653 1263 685 laetabunda

993 702 1106 742 Populi
1135 702 1330 742 frequentia.

979 845 1041 876 Ad
1078 844 1349 877 Matutinum.

1056 913 1277 940 Invitatorium.

939 997 1093 1037 Alleluia,
1122 1006 1229 1038 regem

941 1046 1091 1078 Gloriose
1118 1046 1292 1087 sepultum,

926 1119 929 1131 ,
940 1095 1065 1136 Venite,
1094 1096 1277 1128 adoremus,

282 1237 399 1269 Escam
428 1239 534 1279 egenti
563 1239 705 1272 dantem.

169 1352 202 1383 4.
236 1350 304 1382 Deo
327 1354 438 1383 nostro
465 1351 594 1383 laudem

278 1399 329 1431 Da
355 1408 485 1439 sparsos
512 1402 731 1443 congreganti,
872 1391 902 1424 Ῑ·

230 1448 448 1489 Malignorum
478 1448 626 1482 fraudem

279 1497 436 1530 Potenter
460 1499 674 1534 conculcanti.

165 1611 198 1643 5.
228 1609 353 1653 Lauda,
380 1610 568 1654 Ierusalem,

276 1659 336 1699 Qui
360 1659 393 1691 in
421 1664 452 1692 te
479 1660 657 1704 benedixit,

225 1708 280 1741 Sic
306 1712 339 1740 et
364 1712 409 1744 tu,
436 1709 615 1749 Betlehem,

275 1757 452 1799 Christum,
473 1760 548 1791 dum
565 1759 658 1793 homo
678 1761 770 1794 vix-it.

150 1871 191 1905 R.
223 1872 277 1904 Ad
306 1871 396 1904 cuius
423 1878 535 1904 nutum
562 1872 671 1906 floruit

270 1920 382 1954 Omnis
409 1926 570 1955 creatura.

220 1971 259 2003 In
291 1980 349 2003 ara
376 1972 480 2004 crucis
507 1972 593 2004 aruit

269 2019 378 2060 Egens
408 2021 590 2062 sepultura,

155 2068 194 2101 V.
226 2069 266 2102 In
292 2078 402 2102 amore
429 2074 461 2103 et
487 2069 616 2104 fervore

270 2118 419 2152 Gaudete
445 2124 553 2152 mente
580 2130 674 2162 pura.

314 2256 360 2284 Ad
381 2257 566 2295 Magnificat.

141 2341 183 2377 A.
214 2343 244 2375 A
271 2351 368 2376 cruce
395 2343 571 2386 deponitur

263 2391 390 2437 Corpus
417 2393 624 2426 vulneratum

210 2441 257 2476 Et
284 2443 457 2485 unguentis
485 2443 618 2484 ungitur

259 2491 315 2524 Ad
333 2492 492 2525 tumulum
512 2497 761 2533 praeparatum.

982 1237 1044 1269 Ad
1072 1236 1348 1272 Nocturnum.

1063 1304 1263 1341 Antiphonae.

935 1389 996 1429 Qui
1023 1389 1055 1420 in
1083 1389 1194 1421 tumba
1221 1390 1382 1423 torridum

985 1438 1111 1479 Corpus
1139 1439 1318 1471 dormitare

937 1487 1045 1519 Voluit
1075 1487 1262 1520 refloridum

983 1537 1139 1569 Potenter
1165 1537 1333 1570 suscitare.

932 1625 1021 1658 Deus
1047 1626 1215 1658 exaudivit
1243 1635 1304 1658 me.

983 1675 1062 1706 Cum
1091 1675 1196 1715 ipsum
1225 1675 1420 1708 invocarem.

932 1724 1032 1763 Quem
1061 1729 1093 1755 et
1120 1725 1152 1755 in
1179 1734 1325 1757 maerore

980 1772 1073 1805 Sensi
1102 1774 1353 1814 redemptorem.

930 1861 1085 1903 Magnum
1113 1871 1228 1893 nomen
1261 1862 1318 1894 Ilei

981 1912 1039 1943 Est
1067 1916 1177 1943 notum
1205 1912 1235 1942 in
1267 1912 1398 1945 Iudaea,

929 1960 971 1992 Et
999 1960 1090 2000 pacis
1118 1961 1207 1993 locus
1241 1961 1269 1992 ei

978 2009 1115 2042 Paratus
1143 2014 1191 2042 est
1218 2010 1250 2042 in
1279 2018 1327 2044 ea.

1050 2127 1263 2164 Respousoria.

930 2198 1028 2230 Ortus
1054 2198 1102 2230 sol
1130 2198 1161 2229 in
1191 2198 1382 2230 Bethlehem

975 2247 1037 2279 Est
1061 2247 1156 2279 valde
1183 2247 1360 2288 speciosus,

925 2296 1055 2329 Occidit
1082 2297 1272 2338 Ierusalem,

974 2346 1062 2379 Hinc
1089 2345 1194 2378 factus
1223 2346 1384 2379 radiosus.

937 2394 1022 2427 Dum
1041 2395 1089 2427 sic
1116 2396 1204 2428 redit

924 2444 994 2477 Sibi
1022 2444 1110 2477 cedit

972 2494 1041 2526 Aer
1066 2493 1246 2527 nubilosus.

1255 2549 1295 2578 21
