1650 2727
678 149 948 186 —204—

607 266 657 297 84.
700 265 742 297 De
764 268 874 297 sancto
895 264 1034 297 Claudio.

349 347 580 382 Introitus.
1058 345 1272 380 Alleluia.

947 415 973 448 Ο
1001 414 1130 455 Claudi,
1158 414 1211 455 qui
1239 421 1378 454 corpore

995 465 1067 498 Hac
1092 463 1126 495 in
1151 462 1232 495 urbe
1259 466 1456 503 reservatus,

947 512 1127 545 Praeserva
1155 521 1214 544 nos
1240 521 1259 544 a
1285 511 1441 553 languore

996 561 1157 593 Venenosi
1182 559 1278 593 flatus

241 445 267 478 Ο
295 454 351 478 rex
379 454 490 486 regum
516 445 650 486 gloriae,

241 495 302 534 Qui
329 494 499 527 Claudium
526 493 624 526 hodie

289 543 342 576 Ad
370 551 503 583 regnum
533 543 678 581 deducis,

242 592 309 624 Fac
335 602 394 624 1¹08
421 592 489 624 eius
517 591 680 631 PfeCib'JSv
1043 611 1106 643 Per
1131 614 1187 642 tua
1214 609 1371 642 miracula

241 640 319 672 Tam
348 640 431 673 votis
457 649 552 680 quam
579 639 712 671 vocibus
1090 658 1235 692 Alleluia
1374 636 1381 643 .

291 689 344 722 Sic
371 688 431 721 tibi
458 688 600 730 placere,
1237 684 1245 691 ⁸

242 737 286 770 Ut
314 738 426 770 datum
452 736 651 778 pauperibus

414 786 420 791 .
596 786 602 791 .
1014 755 1317 788 offertorium.

241 786 386 827 Regnum
412 795 443 817 1n
472 785 666 818 caelestibus

290 836 456 867 Possimus
482 834 612 867 habere,
946 824 1067 863 Quanti
1091 828 1223 856 sauctus
1251 823 1293 855 sit
1320 823 1472 863 nominiS,

241 884 369 923 Claudi,
397 883 460 915 tuis
487 883 653 915 miraculis
991 872 1114 905 MOrtui
1140 875 1312 913 testantur,

241 934 331 972 Ager
356 932 433 964 fidei
460 931 611 972 pullulat,
943 921 1005 960 Qui
1030 921 1200 960 utriusque
1225 920 1365 952 hominis

241 980 380 1012 Gemens
408 979 555 1012 infernus
581 980 693 1012 ululat.
991 969 1102 1002 Morte
1128 968 1333 1012 tenebantur,

943 1018 1026 1050 Nam
1056 1017 1186 1050 Claudii
1214 1017 1339 1049 meritis

991 1066 1089 1099 Multi
1117 1066 1316 1098 suscitantur

347 1145 581 1177 Graduale.

1038 1172 1297 1205 Communio.

242 1242 313 1275 Non
347 1246 395 1274 est
422 1246 553 1274 nostrae
580 1241 784 1282 paupertatis
943 1240 1093 1274 Gloriose
1119 1241 1251 1282 praesul
1279 1239 1412 1279 Christi,

242 1291 310 1323 Nec
339 1291 497 1322 humanae
524 1289 689 1322 facultatis
994 1289 1113 1323 Claudi
1138 1290 1370 1329 sacratissime,

290 1338 427 1372 Referre
454 1338 621 1377 miracula,
943 1338 1014 1370 Duc
1045 1348 1102 1370 nos
1129 1342 1246 1380 tecum,
1274 1347 1338 1378 quo
1364 1337 1464 1381 ivisti,

241 1388 363 1429 Quibus
390 1387 492 1419 virtus
520 1387 661 1427 deitatis,
994 1388 1071 1419 Post
1100 1386 1265 1419 Christum
1291 1387 1448 1430 piissime,

241 1436 348 1468 Testis
374 1437 480 1468 sancti
506 1435 700 1476 sanctitatis,
944 1436 1115 1468 Intercede
1141 1442 1173 1467 et
1199 1445 1259 1475 pro
1286 1439 1399 1468 nostra

290 1484 474 1517 Illustravit
501 1484 639 1517 saecula.
992 1485 1196 1524 omniumque
1224 1485 1339 1517 salute.

222 1571 281 1599 Mis
270 1581 307 1598 55.
331 1570 514 1599 Camotense
544 1572 613 1606 imp.
636 1571 763 1598 Parisiis
796 1568 879 1598 1535.
901 1570 936 1596 A.
965 1586 1001 1590 —
1024 1569 1108 1597 Miss.
1130 1570 1272 1598 Tullense
1294 1571 1366 1607 imp.
1387 1571 1491 1599 Tullii.

145 1609 228 1639 1551.
257 1612 289 1638 Β.
320 1624 357 1629 —
380 1610 468 1638 Grad.
498 1609 516 1637 5
545 1610 715 1637 sanctitatis
744 1609 817 1636 fehlt
839 1609 870 1636 B.
902 1622 939 1628 —·
962 1609 1051 1636 Allel
1081 1608 1098 1637 2
1120 1610 1185 1637 Hoc
1214 1611 1245 1636 in
1275 1610 1345 1637 orbe
1368 1610 1430 1638 AB.
1456 1625 1494 1630 —

144 1650 224 1678 Com.
248 1647 266 1676 2
287 1650 475 1677 sanctissime
499 1650 619 1676 2³15—-
640 1647 721 1676 Com.
743 1648 761 1675 ῦ
783 1652 812 1675 et
833 1648 914 1675 fehlt.

574 1792 622 1824 85.
664 1791 708 1823 De
729 1793 843 1823 sancta
864 1791 1056 1823 Ermelinde.

345 1875 580 1914 ῙῺΠὊΠΠΞ,
1049 1873 1286 1910 Graduale.

244 1952 451 1985 Gaudeamus
949 1942 1049 1982 Virgo
1076 1941 1179 1982 gradu
1206 1942 1361 1982 gradiens

291 2002 323 2034 in
351 2005 383 2033 te
410 2011 478 2044 nos,
505 2000 654 2040 Domine,
997 1991 1134 2026 directo,
1163 1990 1278 2024 sedula
1303 1991 1396 2033 fiens,

241 2050 285 2084 Et
311 2051 490 2091 psallamus
947 2038 1100 2071 Gratiore
1126 2043 1220 2079 grata

291 2099 323 2131 in
350 2103 405 2131 tuo
431 2098 570 2136 nomine,
997 2088 1206 2120 veneratione
1233 2090 1439 2130 veneranda;

242 2147 311 2181 Sub
339 2148 484 2180 colendis
946 2137 1013 2170 Cur
1039 2137 1132 2192 quasi
1156 2137 1271 2192 regina

291 2197 452 2237 condigno
479 2196 622 2228 carmine
996 2193 1056 2226 pro
1083 2187 1271 2225 virginitate
1296 2188 1413 2228 supina

242 2245 445 2280 Ermelindis
947 2234 1009 2266 Est
1035 2235 1181 2266 exaltata

291 2294 384 2327 festis
412 2297 443 2326 et
471 2293 591 2326 famine
997 2283 1152 2324 caeloque
1180 2284 1378 2321 beatificata.

244 2343 473 2379 Coastantibus
1231 2372 1237 2378 ,

291 2393 375 2426 caeli
400 2392 525 2425 civibus
1069 2371 1278 2407 Alleluia.

244 2443 433 2484 Nomenque
459 2446 548 2474 tuum
949 2440 975 2473 Ο
1001 2449 1077 2472 vere
1105 2440 1206 2483 digna
1232 2443 1401 2484 monacha,

293 2491 566 2526 collaudantibus.
997 2490 1025 2523 Ο
1051 2489 1145 2532 virgo
1172 2490 1293 2524 cultrix
1320 2493 1433 2537 eremi,
