1650 2727
144 200 175 232 3.
206 199 274 232 Vae
301 199 391 232 vobis
417 201 632 243 presbyteris,

206 248 267 286 Qui
293 248 371 280 estis
401 244 463 292 [in]
487 250 592 282 literis

205 295 407 329 Testamenti
434 298 554 330 veteris

255 345 299 377 Et
326 346 401 377 novi
429 345 578 378 doctores

211 442 405 474 Praestituti
432 443 565 474 ceteris!

207 491 438 523 Obstructores
467 491 624 533 aetheris,

206 540 383 573 Indiscreti
410 541 518 572 oneris

256 588 346 621 Estis
373 588 585 623 iniunctores.

207 686 393 718 Cathedrae
421 686 586 718 recubitus

259 736 385 768 Primos
413 735 586 775 adamatis,

208 784 240 816 Si
272 782 394 827 [vobis]
424 785 465 815 sit
493 783 658 821 subditus,

209 833 408 865 {sommissus
437 833 603 875 divinitus,

207 882 295 914 Grex
323 883 432 914 salvus
461 883 511 913 vel
539 881 702 922 perditus.

256 932 392 963 Minime
418 931 550 964 curatis

780 103 926 141 72-

848 205 882 238 4.
909 203 994 242 Quid
1021 203 1062 236 de
1086 203 1182 245 vulgo
1207 201 1385 244 proferam,

912 251 1085 294 Nunquam
1110 252 1179 284 eins
1205 251 1356 283 sufferam

910 301 973 342 Ita,
1000 301 1087 341 quod
1112 310 1176 332 non
1203 299 1345 339 efferam,

960 349 1066 382 Miras
1092 347 1265 387 falsitates,

915 445 1012 479 Cuius
1037 446 1148 488 lingua
1173 444 1303 485 florida,

910 495 995 527 Acta
1021 503 1098 527 vero
1123 494 1260 526 sordida

912 542 955 574 Et
983 543 1082 575 corda
1109 547 1183 575 sunt
1209 542 1339 582 perfida

964 593 1027 625 Per
1052 592 1264 625 subtilitates.

917 687 1076 720 Graditur
1101 688 1278 729 sophistice

963 736 1034 769 Nec
1060 741 1119 776 est,
1147 742 1182 769 ut
1208 741 1360 778 apparet,

916 784 1093 817 Doctrinae
1120 786 1299 818 catholicae

916 833 984 865 Iam
1012 832 1119 866 factae
1145 837 1218 866 sunt
1245 835 1441 876 pseusticae‚

919 882 953 914 Si
979 882 1050 923 quis
1076 882 1156 915 vivit
1183 883 1286 921 deice,

966 931 1031 963 Hie
1056 932 1169 964 mundi
1194 932 1292 964 laude
1319 938 1417 964 caret.

527 1030 558 1061 5.
586 1029 717 1061 Adiuva
743 1038 813 1068 nos,
840 1028 990 1068 Domine,

585 1078 643 1118 Qui
671 1087 787 1118 passus
812 1086 846 1109 es
872 1087 933 1118 pro
961 1078 1091 1110 homine

586 1128 628 1160 Ut
656 1127 689 1158 in
716 1132 773 1159 tuo
798 1128 929 1159 nomine

634 1176 769 1217 Semper
799 1175 987 1217 gloriemur.

585 1274 704 1312 Maria,
733 1273 901 1305 humilium

583 1323 666 1363 Spes
692 1327 724 1354 et
749 1323 836 1354 salus
861 1322 1017 1360 omnium,

586 1372 635 1403 Tu
662 1381 723 1411 pro
751 1371 843 1403 nobis
871 1370 973 1402 filium

634 1420 710 1453 Ora.
737 1423 774 1451 ut
799 1419 974 1454 salvemur.

585 1518 675 1550 Audi
700 1526 770 1554 nos,
796 1526 871 1550 nam
897 1522 928 1549 te
956 1517 1042 1550 filius

633 1566 688 1598 Nil
714 1575 835 1607 negans
862 1567 1010 1598 honorat.

582 1615 682 1648 Salva
706 1625 765 1647 nos
791 1615 939 1657 celerius,

587 1665 726 1704 Christe,
755 1668 789 1695 tu
818 1664 862 1696 sis
890 1665 1062 1705 propitius,

587 1714 650 1746 Pro
676 1712 793 1753 quibus
819 1717 852 1744 te
879 1713 1008 1746 dulcius

637 1762 736 1802 Virgo
763 1767 868 1794 mater
894 1766 976 1797 orat.

215 1859 338 1888 Collect.
361 1868 414 1886 ms.
438 1858 465 1888 S.
490 1859 612 1894 Georgii
634 1859 760 1895 Pragen.
784 1868 860 1887 saec.
885 1858 928 1887 15<
951 1860 1023 1888 Cod.
1046 1860 1172 1897 Pragen.
1194 1862 1208 1889 I
1230 1861 1256 1888 G
1277 1859 1324 1890 39.
1346 1876 1384 1881 —
1406 1861 1438 1891 2.
1471 1860 1491 1890 4

135 1899 306 1927 emendare.
330 1912 367 1917 —
387 1896 414 1930 2,
442 1895 478 1925 10
498 1899 568 1925 Lies
593 1900 733 1934 peccari?
755 1913 791 1917 —
814 1898 840 1931 5,
863 1897 881 1926 2
907 1908 1012 1935 passus
1035 1903 1088 1926 est.
1111 1914 1148 1919 -—
1173 1898 1200 1932 5,
1223 1899 1240 1927 6
1254 1900 1294 1928 Et
1315 1910 1382 1936 spes
1406 1901 1489 1929 salus

135 1940 275 1967 omnium.
304 1953 340 1958 —·

568 2100 617 2131 92.
660 2100 702 2131 De
724 2100 865 2133 Fortuna
887 2101 1055 2133 mundana.

153 2210 186 2242 1.
213 2207 370 2245 Fortuna,
397 2204 424 2236 si
450 2203 600 2235 alluseris

263 2255 301 2287 In
326 2253 427 2286 altum
453 2261 504 2284 me
529 2251 685 2291 tollendo,

210 2305 352 2339 Gressus
379 2310 466 2334 meos
493 2301 653 2333 direxeris

257 2354 409 2386 Adversa
436 2349 659 2390 deprimend0‚

260 2402 371 2436 Firme
396 2398 582 2440 muniendo,

309 2451 386 2484 Sum
413 2447 593 2482 Salomonis
619 2447 726 2480 socius
737 2459 744 2488 ς

916 2204 949 2236 Si
977 2203 1162 2243 versipellis
1190 2203 1299 2247 figeris

966 2252 1094 2284 Furtim
1119 2261 1180 2284 nec
1205 2262 1270 2286 non
1298 2255 1450 2299 latenter,

914 2301 1009 2334 More
1036 2304 1190 2334 consueto
1216 2301 1335 2336 feceris

966 2348 1171 2390 Deplumans
1197 2360 1249 2383 me
1276 2357 1437 2392 recenter,

962 2399 1068 2439 Vulgo
1093 2403 1171 2431 tunc
1196 2405 1359 2442 patenter,

1014 2447 1159 2481 Videbor
1185 2445 1349 2493 [compar]
1385 2452 1488 2487 ocius.
