1650 2727
701 167 942 202 —91-

147 262 223 290 fehlt
245 264 286 297 Β;
313 264 386 290 statt
407 261 514 290 dessen
536 261 585 289 die
608 260 634 289 Α
656 271 710 299 per
730 266 876 291 octavam.
898 277 936 282 —
958 263 1147 298 Hymnen:
1177 264 1374 300 Supernae
1401 264 1503 291 lueis

146 301 314 330 claritas
335 301 396 328 und
418 301 520 334 Iesu,
543 300 606 328 lux
627 309 719 329 vera
741 303 936 330 mentium.
980 304 1042 329 Ans
1065 303 1089 329 Β
1112 302 1188 329 anch
1212 305 1242 330 in
1265 303 1339 329 Acta
1362 303 1415 330 SS.
1438 304 1503 329 Oct.

145 339 198 368 XI.
221 338 279 369 903
299 339 327 367 ff.

601 444 649 475 35.
692 443 736 475 De
759 446 870 477 sancto
892 444 1039 485 Georgia.

280 536 324 567 ln
363 536 394 568 1.
433 535 658 575 vesperis,
953 537 1014 576 Qui
1042 545 1181 569 coronae
1208 537 1402 578 participem

955 585 1049 617 Fecit
1076 587 1109 617 in
1137 595 1237 628 regnu
1265 586 1410 621 divitem,

955 634 1044 666 Caeli
1072 635 1187 673 civem,
1216 645 1278 667 non
1307 635 1479 676 hospitem,

954 684 1141 725 Georgium,

954 733 1051 765 Cuius
1079 732 1314 773 magnitudinis

954 781 1086 814 Nullum
1117 786 1164 813 est
1192 783 1319 814 initium

954 830 1072 863 Nullus
1100 831 1161 862 erit
1190 832 1274 865 finis.

184 613 224 646 R.
252 613 369 653 Coepit
394 621 528 654 praeses
555 614 756 651 contristari,

246 661 287 694 Se
313 672 333 694 a
358 666 471 694 sancto
498 663 648 701 superari

245 710 453 743 Erubescens
481 710 585 743 doluit

247 759 291 792 Et
319 759 432 793 dolens
458 759 598 802 erubuit,

246 809 431 843 Conversus
458 809 500 841 ad
527 808 593 841 alia

243 858 350 899 Impia
377 858 514 890 consilia

244 907 358 940 Cessat
383 918 401 940 a
429 906 611 948 suppliciis,

245 956 376 997 Cogilat
401 955 573 988 blanditiis
989 960 1018 990 A
1033 959 1052 990 d
1088 958 1174 990 Mat
1188 959 1312 991 utinu
1328 968 1366 989 m.

243 1005 344 1038 Posse
370 1009 509 1037 mentem
540 1005 706 1037 immutari

245 1055 274 1086 A
302 1052 378 1092 fide,
407 1064 502 1094 quam
531 1053 659 1093 docuit;

179 1102 216 1132 V.
247 1103 371 1136 Ridens
399 1109 525 1145 martyr
551 1102 777 1136 blandientem

245 1154 360 1191 Aeque
386 1152 471 1184 sicut
499 1151 730 1192 deterrentem‚

244 1200 407 1239 Exaltari,
435 1201 584 1234 coronari

290 1249 426 1283 Meruit.

1072 1036 1293 1063 Invitatorium.

952 1116 1130 1147 Auctorem
1159 1124 1266 1147 rerum
1292 1116 1434 1147 omnium

953 1163 1083 1196 Laudet.
1114 1164 1209 1196 turba
1235 1164 1393 1198 fidelium.

952 1214 1013 1253 Qui
1041 1218 1218 1253 martyrem
1248 1214 1410 1254 egregium

953 1261 1127 1294 Coronavit
1157 1262 1343 1303 Georgium.

415 1351 518 1379 Prosa-

313 1420 319 1425 ‚
515 1420 521 1426 ,
983 1390 1028 1421 In
1067 1391 1097 1423 1.
1134 1389 1371 1428 Noeturno,

183 1422 212 1453 1.
243 1420 415 1461 Cogltabat
441 1421 606 1453 Dacianus

291 1469 472 1509 Martyrem
502 1470 659 1502 seducere

242 1518 491 1562 Blandimentis‚
507 1528 601 1559 quem
620 1519 791 1551 tormentis

292 1566 365 1600 Non
393 1568 523 1601 valebat
551 1569 691 1601 vincere.

1072 1468 1273 1503 Antiplwnae.

890 1546 922 1579 1.
952 1546 1024 1578 Non
1052 1547 1085 1578 in
1113 1547 1165 1578 via
1193 1548 1309 1588 culpae
1337 1550 1425 1580 sistit

951 1595 1094 1636 Ideoque
1123 1605 1200 1628 vera
1227 1597 1318 1629 metit

181 1647 212 1680 2.
240 1645 353 1678 Firma
380 1650 474 1686 petra
501 1645 599 1678 fixam
627 1646 745 1679 mentis
1000 1644 1131 1677 Gaudia
1158 1645 1329 1688 Georgius,

287 1696 452 1728 Ancoram
480 1695 621 1728 evellere

241 1744 359 1784 Coepit
386 1745 495 1777 verbis
522 1745 573 1776 vir
599 1744 757 1786 profanus

289 1793 446 1826 Mollibus
473 1794 635 1827 insistere.

888 1724 908 1757 10

915 1749 922 1756 .
949 1724 1077 1756 Fremit
1103 1722 1260 1757 frendens
1287 1725 1465 1765 Daciauus,

951 1772 1105 1805 Sanctum
1133 1779 1311 1815 martyrem
1339 1775 1501 1816 profanus

999 1822 1159 1855 Membris
1186 1824 1284 1856 sectis
1311 1824 1425 1860 laniat.

179 1874 212 1903 3.
241 1872 350 1905 Dabat
376 1876 508 1905 sanetus
535 1872 635 1905 verba
662 1873 768 1906 ventis

291 1920 415 1954 Nolens
441 1922 661 1964 acquiescere,

241 1971 318 2004 Plus
344 1971 476 2004 amabat
502 1975 535 2003 et
561 1973 698 2013 optabat

890 1901 921 1933 3.
952 1901 1132 1942 Susceptor
1160 1911 1258 1939 meus,
1288 1902 1438 1940 Domine,

953 1950 1002 1982 Tu
1030 1960 1075 1991 es,
1103 1960 1163 1991 pro
1191 1953 1280 1984 cuius
1308 1954 1438 1985 nomine

288 2020 412 2054 Crebro
439 2020 531 2054 caedi
560 2022 708 2061 verbere,

178 2100 211 2131 4.
239 2099 474 2139 Exspectatam
501 2104 533 2131 et
559 2105 704 2142 optatam

288 2150 448 2184 Coronam
476 2150 668 2194 percipere;

237 2198 316 2231 Post
342 2196 473 2232 labores
500 2203 532 2232 et
560 2200 692 2232 dolores

284 2247 407 2281 Fracto
434 2249 543 2282 carnis
571 2258 704 2281 carcere

336 2297 493 2332 Coronati
520 2298 651 2333 meruit.

332 2399 380 2428 Ad
400 2400 587 2438 Magnificat.

164 2470 207 2504 A.
233 2469 486 2512 Magnificemus
513 2470 698 2513 principem

236 2519 505 2563 Magnificantem
531 2520 681 2559 militem.

950 2000 1064 2032 Patior
1091 1998 1163 2034 fuso
1191 2002 1357 2043 sanguine.

1069 2109 1282 2144 Responsoria.

915 2203 923 2211 .
951 2177 1113 2211 Miremur
1139 2179 1368 2212 admirabilem

949 2227 986 2258 In
1013 2227 1135 2260 sanctis
1163 2229 1229 2260 suis
1256 2229 1416 2272 omnibus,

949 2275 1053 2308 Deum
1084 2276 1338 2310 desiderabilem

950 2325 988 2357 In
1015 2326 1141 2358 cunctis
1168 2332 1277 2360 terrae
1305 2327 1437 2369 tinibus,

949 2373 1180 2408 collaudemus
1208 2376 1408 2409 laudabilem

947 2424 986 2456 ln
1013 2425 1149 2466 singulis
1176 2427 1341 2466 operibus,

949 2471 1148 2515 Gloriosum‚
1177 2475 1351 2507 amabilem

950 2522 1123 2556 Universis
1149 2523 1314 2557 fidelibus,
