1650 2727
709 181 967 218 —118—

196 285 230 317 ὅ.
258 282 375 315 Funde
400 291 517 322 preces
542 282 607 315 iam
633 291 694 325 pro
721 282 786 314 tuis

309 332 444 364 Devotis
470 330 634 373 fidelibus,

265 381 307 414 Ut
336 380 487 412 fruantur
513 384 677 421 tamquam
703 380 770 412 suis

309 429 445 462 Gaudiis
473 429 678 463 caelestibus

290 567 335 598 In
374 567 406 598 2.
441 565 676 597 Nocturno.

387 641 588 677 Antiphonae.

203 723 233 756 1.
263 723 427 753 Venenum
456 725 591 752 mortem
619 720 787 752 continens

312 769 426 803 Crucis
453 770 544 809 signo
572 769 792 809 praemonitus

264 819 435 854 Iohannes,
464 817 562 849 vitam
589 817 772 858 instruens}

312 866 457 906 Sumpsit
483 866 523 897 ob
550 865 584 897 id
610 865 805 905 intrepidus.

201 957 235 988 2.
263 954 439 986 Revelator
466 962 656 984 arcanorum

311 1003 352 1034 Se
387 1001 555 1032 transtulit
586 1001 628 1032 ad
655 1000 806 1042 insulam,

265 1051 397 1083 Librum
427 1050 511 1080 vitae
537 1053 633 1088 atque
660 1058 784 1080 morum

311 1098 449 1137 Scripsit
477 1098 528 1129 hic
556 1098 756 1130 christicola.

200 1188 232 1220 3.
260 1187 347 1219 Mira
375 1185 477 1216 virtus
506 1185 546 1216 de
574 1185 718 1216 Iohanne

310 1236 347 1267 ln
376 1234 528 1265 Pathmos
555 1233 733 1275 extollitur,

262 1284 327 1317 Ubi
356 1282 449 1314 dulce
477 1282 564 1313 canit
590 1290 730 1320 carmen,

311 1333 380 1372 Quo
406 1334 567 1362 secretum
592 1331 760 1370 panditur,

206 1422 237 1453 4.
267 1419 313 1450 Sit
342 1418 395 1459 qni
422 1418 510 1449 venit
536 1417 727 1449 benedictus

315 1469 351 1499 In
379 1467 531 1498 honorem
559 1466 701 1507 Domini,

965 280 1091 314 Clamat
1116 280 1258 322 populus
1283 278 1407 312 electus

1017 329 1167 362 Civitatis
1192 328 1330 370 Ephesi.

908 420 940 451 5.
968 417 1045 450 Cum
1074 417 1127 449 hic
1153 421 1237 448 esset
1263 415 1373 449 scriba
1391 415 1507 447 doctus

1016 465 1189 498 Confectus
1217 466 1305 497 dulci
1331 464 1432 502 senio,

966 515 1073 546 Iesum
1101 518 1194 546 vocat
1221 513 1425 554 praeelectus

1014 563 1170 595 Ferventi
1199 561 1375 596 desiderio.

905 652 935 685 6.
965 650 1088 690 Sponte
1114 659 1148 682 se
1174 649 1335 682 submittit
1363 648 1468 690 humo,

1014 699 1110 732 Unde
1136 709 1253 731 manna
1279 698 1441 740 provenit,

967 748 1121 779 Liberum
1149 757 1167 779 a
1193 748 1307 779 mortis
1334 745 1422 778 fumo

1017 796 1190 828 Iohannem
1201 796 1348 828 Christus
1359 794 1507 835 suscipit,

996 932 1040 963 In
1078 933 1108 964 3.
1146 931 1381 966 Nocturno.

1070 999 1313 1034 Responsorium.

969 1077 1075 1117 Supra
1102 1081 1215 1116 pectus
1241 1077 1315 1108 Iesu
1341 1075 1464 1109 Christi

967 1126 1027 1163 Tu,
1057 1125 1228 1163 Iohannes,
1257 1124 1450 1165 dormivisti,

967 1174 1048 1206 Eius
1075 1178 1209 1205 matrem
1238 1174 1403 1213 recepisti,

967 1223 1063 1255 Cruci
1091 1223 1182 1254 cuius
1208 1222 1361 1259 astitisti;

969 1272 1061 1309 Veni,
1090 1272 1133 1302 mi
1159 1281 1259 1313 amor,
1288 1270 1419 1307 audisti.

967 1319 1044 1351 Cum
1071 1321 1114 1352 ad
1142 1320 1248 1351 caelos
1274 1319 1464 1351 ascendisti.

899 1369 936 1402 V.
964 1368 1052 1400 Sicut
1077 1370 1199 1409 absque
1225 1369 1311 1400 omni
1339 1368 1427 1409 labe,

965 1417 1017 1449 Ita
1041 1418 1110 1448 sine
1136 1417 1243 1449 carnis
1270 1416 1344 1449 tabe

965 1466 1055 1505 Iungi
1085 1466 1214 1499 Christo
1241 1465 1399 1498 meruisti.

251 1553 333 1580 offic.
351 1561 405 1580 ms.
422 1553 551 1579 Faustae
565 1552 600 1579 de
617 1553 789 1580 Beccarinis
804 1555 835 1581 in
850 1553 979 1580 Monast.
995 1552 1115 1579 visitat.
1132 1553 1216 1579 BMV
1238 1551 1319 1585 (Ord.
1336 1551 1421 1583 Cist.)
1435 1559 1515 1578 saec.

173 1592 219 1621 16.
242 1593 314 1620 Cod.
338 1594 444 1619 senen.
466 1592 488 1618 F
505 1592 543 1618 vl
567 1590 612 1618 22.
634 1607 670 1610 —
688 1593 729 1619 In
753 1592 776 1620 1.
798 1593 902 1627 Vesp.
924 1591 969 1618 Ad
991 1592 1091 1626 Magn.
1107 1590 1141 1623 A,
1165 1590 1181 1617 7
1198 1591 1300 1626 Imago
1321 1591 1517 1627 virginitatis.

551 1745 597 1775 47.
640 1745 682 1775 De
705 1754 728 1776 s.
750 1745 891 1777 Iohanne
912 1743 1130 1784 Evangelista.

304 1848 368 1879 Ad
403 1847 673 1879 Matutinum.

380 1923 601 1950 Invitatorium.

266 2013 326 2053 Qui
354 2011 528 2045 Iohannem
557 2012 725 2054 diligebat,

264 2063 448 2094 Adoremus
477 2061 603 2092 dulcem
631 2062 749 2095 Iesum.

333 2209 379 2240 In
409 2206 642 2240 Nocturno.

391 2283 591 2320 Antiphonae.

207 2375 238 2408 1.
266 2374 438 2413 Iohannes,
466 2372 519 2405 fac
545 2373 578 2405 in
605 2373 757 2406 laudibus

315 2424 389 2456 Iesu
415 2432 473 2454 nos
499 2424 663 2463 occupari,

262 2473 292 2505 A
317 2481 379 2514 quo
407 2471 527 2504 debent
552 2473 585 2504 in
612 2471 751 2504 nubibus

310 2521 470 2555 Mortales
496 2520 646 2554 iudicari.

911 1848 943 1879 2.
971 1847 1132 1879 Iohannes
1158 1847 1221 1878 iam
1250 1846 1446 1887 praeteritas

1017 1895 1086 1927 Nos
1113 1896 1225 1936 culpas
1253 1894 1472 1935 deploremus,

967 1944 1009 1976 Et
1036 1949 1112 1984 agat
1138 1944 1199 1976 Dei
1228 1944 1365 1980 bonitas,

1017 1993 1096 2024 Illas
1123 2002 1162 2024 ne
1187 1993 1392 2034 replicemus

907 2110 938 2142 3.
967 2109 1138 2147 Iohannes,
1164 2109 1379 2150 patrocinium

1018 2158 1086 2190 Nos
1112 2162 1201 2190 tuum
1228 2160 1453 2201 imploramus,

968 2207 1037 2246 Quo
1064 2207 1146 2238 caeli
1172 2208 1219 2239 sic
1245 2207 1412 2247 fastigium

1018 2255 1131 2288 Securi
1158 2255 1426 2290 conscendamus.

897 2373 941 2407 V.
970 2373 1025 2406 Sic
1051 2373 1213 2406 Iohannes
1240 2374 1349 2407 omnia

1018 2423 1157 2454 Paterna
1185 2423 1320 2463 dimisit,

899 2471 940 2506 R.
967 2471 1062 2511 Quod
1088 2472 1162 2505 Iesu
1189 2473 1339 2514 vestigiis

1016 2520 1172 2553 Firmiter
1197 2521 1359 2557 adhaesit.
