1650 2727
157 239 196 276 V.
222 241 321 274 Vitae
347 246 544 283 exspectans

278 299 457 331 supernum
482 293 637 325 meritum

227 339 410 380 Implorata

278 387 342 421 Dei
369 389 542 422 clementia

230 436 347 470 Statim
374 439 478 470 sensit

279 486 395 519 salutis
421 487 576 521 reditum.

260 633 306 666 In
342 634 374 668 3.
411 633 647 667 Nocturno.

354 701 556 736 Antiphonae.

170 791 200 825 1.
229 791 321 824 Haec
348 790 497 823 Barbara

280 840 408 881 repleta
434 840 550 881 gratia,

229 891 371 922 Assueta

280 938 384 970 sacris
410 937 589 977 miraculis,

230 987 346 1020 Mundi
378 991 410 1019 et
437 987 544 1019 carnis

281 1036 448 1077 hostisque
476 1036 554 1068 vitia

231 1085 349 1127 Fugat‚
379 1086 457 1117 data

282 1135 451 1175 exemplar
477 1134 627 1167 saeculis.

171 1225 204 1256 2.
231 1222 356 1255 Mentis
382 1222 569 1255 innocentia

280 1271 423 1312 Flosque
448 1272 602 1312 puritatis

232 1321 441 1353 Exstiterunt
466 1321 602 1361 praevia

283 1370 368 1404 Suae
395 1370 591 1402 sanctitatis.

172 1460 204 1492 3.
236 1459 384 1491 Instante
412 1458 499 1490 vitae
526 1458 665 1490 termino

281 1507 377 1540 Vidit
403 1507 500 1548 plura
526 1507 682 1540 caelestia

228 1557 272 1590 Et
300 1557 468 1589 revelante
495 1556 635 1589 Domino

282 1606 382 1638 Novit
409 1610 526 1646 parata
553 1605 711 1647 praemia.

351 1714 565 1750 Responsoria.

174 1794 205 1826 1.
233 1792 394 1835 Barbara,
421 1793 512 1825 sidus
539 1802 672 1825 aureum

281 1842 405 1875 Summi
431 1851 470 1874 ac
496 1842 639 1881 honoris,

231 1891 416 1925 Candorem
443 1901 579 1924 servans
605 1892 736 1924 niveum

279 1941 374 1974 Dono
401 1941 571 1981 creatoris,

230 1990 340 2024 Decus
368 1990 492 2023 habens
518 1991 701 2032 virgineum

279 2041 317 2074 In
345 2041 496 2081 supernis
524 2041 644 2082 choris,

157 2089 202 2123 V.
230 2089 280 2123 Tu
306 2090 473 2130 speculum
502 2090 694 2134 munditiae,

230 2138 401 2172 Servatn'x
428 2140 646 2179 innocentiae,

279 2189 328 2222 Tu
354 2188 414 2222 flos
440 2189 590 2230 pudoris.

166 2280 200 2313 2.
230 2277 403 2312 Catholica
429 2276 560 2310 fervida

277 2327 376 2361 Fidei
403 2327 551 2371 zelatrix,

233 2377 395 2411 Constans
422 2381 455 2410 et
480 2376 651 2418 intrepida

280 2427 438 2461 Haeresis
464 2426 664 2466 damnatrix,

229 2477 388 2510 Veritatis
413 2476 525 2509 lucida

279 2526 419 2560 Doctrix
447 2530 479 2558 et
505 2524 658 2562 amatrix,

786 147 928 183 39—

840 246 880 279 V.
907 245 1019 280 Verbo
1045 247 1144 279 vitam
1172 246 1308 287 indicat,

915 294 1024 336 Signis
1050 295 1176 328 crebris
1204 297 1321 329 emicat

963 344 1062 385 Legis
1089 345 1295 379 aemulatrix.

853 433 884 466 3.
912 432 998 465 Dum
1009 432 1157 465 Barbara
1165 431 1330 465 Christum
1345 434 1473 474 quaerit

913 481 1027 514 Lictor
1053 485 1152 522 caput
1178 490 1306 514 sacrum
1335 481 1423 521 ferit,

914 530 968 563 Sic
1004 530 1162 571 triumphi
1194 531 1336 571 palmam
1364 531 1460 572 gerit,

962 579 1048 612 Dum
1075 589 1136 620 pro
1162 579 1228 612 fide
1255 581 1402 613 moritur.

839 628 882 662 V.
910 629 1002 662 Haec
1027 628 1194 668 Barbara,
1231 629 1320 670 pugil
1349 628 1455 667 fortis,

915 679 1076 711 Constans
1103 677 1231 718 profert
1248 678 1328 711 hora
1347 678 1463 711 mortis

965 727 1092 769 Fidem,
1121 737 1180 768 pro
1207 737 1270 768 qua
1301 728 1437 768 patitur.

1018 866 1079 898 Ad
1119 866 1296 900 Laudes.

1042 934 1243 969 Antiphonae.

857 1015 886 1047 1.
915 1013 1096 1046 Barbarum
1124 1014 1315 1045 sollenniter

965 1063 1115 1097 Christus
1143 1063 1342 1104 sublimavit,

918 1112 1016 1144 Cuius
1042 1116 1149 1143 mente
1176 1112 1294 1152 iugiter

963 1161 1121 1193 Dominus
1149 1161 1307 1201 regnavit.

854 1251 887 1283 2.
916 1249 995 1282 Dies
1023 1254 1071 1280 est
1099 1249 1244 1281 laetitiae

965 1299 1133 1331 Barbarae
1160 1303 1306 1340 tropaeo,

915 1347 1080 1381 Caelestes
1108 1347 1255 1389 militiae,

965 1397 1105 1429 Iubilate
1132 1397 1212 1429 Deo.

855 1489 887 1520 3.
915 1485 969 1518 Ad
996 1490 1029 1517 te
1054 1486 1094 1517 de
1121 1486 1193 1517 luce
1220 1485 1333 1526 vigilat

963 1535 1059 1567 Zelus
1088 1534 1283 1573 Barbareus,

916 1584 981 1617 Sed
1017 1593 1103 1616 nunc
1138 1585 1170 1616 in
1198 1584 1298 1616 caelis
1324 1583 1459 1616 iubilat:

963 1633 1063 1671 Deus,
1092 1633 1182 1666 Deus
1208 1642 1309 1666 meus.

853 1724 886 1756 4.
915 1722 1064 1755 Barbara
1090 1731 1176 1754 nunc
1202 1720 1333 1761 fruitur,

959 1772 1045 1804 Aeto
1074 1772 1159 1804 vitae
1185 1772 1329 1814 tramite,

916 1822 1006 1862 Quae
1033 1825 1100 1853 tam
1128 1821 1225 1862 digne
1252 1821 1381 1860 colitur,

966 1871 1092 1903 Cuncta
1120 1870 1316 1903 benedicite.

856 1963 888 1995 5.
917 1960 1066 1992 Barbara
1093 1959 1289 1992 caelestibus

965 2009 1102 2050 Flagrat
1128 2009 1290 2049 claritate,

918 2059 981 2091 Pro
1008 2059 1076 2091 suis
1104 2058 1280 2091 virtutibus

967 2108 1141 2141 Dominum
1169 2108 1312 2141 laudate.

1040 2206 1084 2233 Ad
1109 2205 1299 2233 Benedictus.

840 2278 882 2310 A.
911 2277 961 2310 De
988 2277 1115 2309 iacente
1142 2276 1246 2308 virtus
1274 2277 1402 2319 crescit,

966 2326 1016 2359 De
1043 2326 1195 2366 sepulcro
1222 2326 1338 2367 gratia,

916 2376 966 2408 De
993 2376 1117 2409 latente
1143 2375 1199 2407 lux
1227 2376 1356 2414 diescit,

966 2425 1015 2458 De
1039 2425 1129 2457 luctu
1156 2425 1293 2466 laetitia,

915 2474 1065 2508 Barbara
1093 2474 1169 2506 dum
1195 2474 1371 2506 innotescit

964 2524 1051 2557 Mira
1079 2523 1160 2557 dans
1188 2522 1351 2564 prodigia.
