1650 2727
689 161 931 198 -25-

229 258 350 291 Trinus
376 259 481 292 honor
506 260 648 294 trinitati

277 307 392 346 Detur,
420 307 491 340 lans
518 313 551 341 et
576 310 692 350 gloria,

279 355 378 390 Cuius
406 357 506 389 dante
529 359 635 398 gratia

227 405 298 438 Deo
324 415 434 438 sumus
463 407 558 446 grati.

403 503 498 531 Prusa

227 573 329 614 Virgo
354 573 424 605 sine
451 573 559 615 simili,

278 621 389 654 Mater
411 622 597 664 singularis,

230 670 337 711 Digna
364 674 462 712 partu
488 671 590 704 nobili

279 720 373 752 Vitae
400 721 565 754 salutaris.

227 802 329 835 Tuam
356 803 450 836 nobis
477 805 616 845 gratiam

276 853 424 894 Praesta,
452 863 548 894 quam
575 858 736 894 optamus,

222 901 302 941 Fac,
330 905 364 933 nt
391 903 505 934 mundi
530 903 668 943 glom‘am

271 950 390 983 Mundi
418 960 599 984 caveamus.

223 1033 335 1074 Virgo,
364 1039 469 1067 mater
495 1036 595 1076 regia,

272 1082 399 1115 Scimus
427 1093 466 1116 ex
495 1089 526 1116 te
553 1090 673 1124 natum,

223 1130 296 1163 Per'
313 1141 408 1173 quem
434 1133 531 1165 datur
556 1135 662 1175 venia,

274 1180 389 1213 Cessat
417 1187 447 1213 et
475 1187 658 1223 peccatum.

224 1263 330 1296 Nobis
358 1265 453 1305 placa
481 1265 594 1298 filium.

273 1313 372 1347 Cuius
399 1324 509 1346 sumus
538 1316 595 1353 rei,

221 1362 267 1396 Ut
292 1363 325 1394 in
352 1363 420 1395 eius
447 1364 599 1405 gaudium

269 1411 499 1452 Adiungamur
525 1415 564 1453 ei,

219 1494 281 1535 Qui
308 1495 461 1536 dignatur
488 1496 618 1529 humilis

272 1543 375 1576 Nobis
402 1554 575 1586 apparere,

219 1592 298 1626 Cum
326 1594 368 1626 sit
394 1604 451 1626 rex
479 1596 652 1635 mirabilis,

268 1642 400 1685 Trinus,
429 1653 512 1676 unus
542 1654 628 1678 vere.

251 1780 297 1812 In
335 1782 367 1814 3.
404 1781 641 1818 Nocturno.

334 1859 549 1895 Responsoria.

182 1970 189 1977 .
217 1943 329 1976 Aurea
358 1944 398 1977 de
425 1945 529 1985 spinis

265 1994 429 2034 processit
455 1994 574 2027 vilibus
601 1996 678 2028 olim

214 2042 363 2085 Virgula,
391 2042 450 2076 flos
477 2044 568 2077 cuius

264 2101 376 2126 roseus
407 2093 611 2135 resplenduit
638 2100 675 2127 nt
700 2095 761 2129 sol.

179 2170 186 2177 .
216 2141 331 2175 Sentcs
359 2143 514 2176 Iudaeam

263 2192 476 2233 portendunt,
497 2193 590 2234 virga
607 2192 761 2233 Mariam,

213 2239 266 2273 Ex
293 2242 383 2274 cuius
407 2240 489 2274 flore

265 2291 421 2324 Messiam
449 2292 586 2332 protulit
613 2301 653 2324 ex
683 2299 730 2324 se.

178 2402 186 2410 .
213 2374 304 2408 Sicut
331 2376 380 2408 sol
407 2375 521 2408 stellas

262 2431 409 2466 superat,
437 2425 485 2458 sic
513 2425 604 2466 virgo
623 2423 762 2466 puellas,

213 2474 304 2515 Quae
329 2474 443 2516 genuit
467 2475 596 2516 prolem

261 2527 473 2566 superantem
499 2524 622 2557 lumine
650 2521 763 2556 solem.

872 260 911 293 V.
940 261 1050 303 Virgo,
1079 262 1140 294 Dei
1166 263 1324 302 genetrix,

983 311 1064 343 assit
1091 310 1192 351 lapsis
1220 311 1415 350 reparatrix.

874 409 908 443 3.
935 407 1022 440 Rosa
1049 407 1209 448 fragrans,
1236 407 1291 439 lux
1320 408 1448 451 solaris,

984 457 1151 497 Virginale
1178 457 1355 497 speculum,

934 506 983 538 Tu
1009 507 1222 547 praesignans
1250 505 1423 546 singularis

985 555 1155 587 Castitatis
1183 554 1310 585 titulum

934 603 976 636 Et
1005 604 1184 644 propinans
1210 603 1362 635 salutaris

982 653 1168 685 Medicinae
1188 652 1357 692 poculum

932 702 1052 734 Matris
1080 710 1164 742 reae,
1194 706 1299 733 mater
1322 702 1387 741 pia.

984 751 1160 783 Redimens
1187 751 1366 788 interitum,

935 800 1106 841 Templum
1134 800 1237 840 patris
1265 809 1298 831 es
1327 799 1444 832 effecta

981 850 1029 882 Ob
1058 850 1213 881 virtutum
1242 850 1406 881 meritum.

899 935 906 941 .
937 909 989 940 Ius
1016 913 1152 940 naturae
1179 908 1327 947 superari

981 957 1095 998 Stupet
1124 965 1183 998 per
1210 962 1241 987 te
1272 957 1446 998 virginem,

932 1007 1012 1047 Quia
1043 1007 1144 1038 Deum
1172 1006 1328 1046 peperisti

982 1056 1113 1087 Pariter
1139 1060 1167 1085 et
1197 1054 1372 1088 hominem.

1109 1202 1210 1228 Prusa.

937 1291 1107 1331 Templum
1135 1290 1324 1331 pudicitiae,

978 1339 1071 1372 Nova
1098 1339 1193 1371 stella
1221 1337 1329 1380 maris,

930 1388 1147 1429 Naufraganti
1175 1389 1229 1420 lux
1258 1389 1328 1420 viae

981 1439 1079 1470 Partu
1107 1437 1272 1471 salutaris.

928 1537 991 1569 Per
1018 1541 1049 1568 te
1076 1537 1124 1568 sol
1154 1535 1306 1577 iustitiae⁷

977 1586 1078 1626 Lapis
1106 1585 1283 1625 angularis.

927 1634 997 1667 Hos
1025 1639 1153 1675 coaptet
1182 1634 1315 1675 gloriae.

977 1684 1042 1718 Ubi
1071 1684 1233 1725 gloriaris⁸

927 1783 1017 1823 Roga
1044 1789 1182 1823 patrem,
1211 1782 1289 1816 filia.

976 1832 1085 1871 placa,
1114 1836 1218 1864 mater
1245 1831 1356 1865 filium.

925 1882 1004 1914 Cum
1033 1882 1120 1914 dulci
1148 1881 1290 1913 melodia

975 1930 1044 1963 Sibi
1073 1941 1134 1963 vox
1163 1931 1374 1971 psallentium

924 2030 986 2062 Per
1012 2034 1067 2062 tua
1095 2030 1243 2062 subsidia

971 2079 1052 2111 Dari
1079 2079 1183 2120 poscit
1213 2079 1371 2120 bravium,

923 2128 1016 2170 Quod
1045 2139 1108 2161 non
1135 2129 1229 2160 tollat
1259 2129 1349 2161 dulia

972 2177 1041 2210 Nec
1069 2179 1237 2218 demergat
1266 2178 1390 2211 vitium.

926 2275 1064 2309 Efficaci
1091 2282 1147 2309 tua
1175 2285 1272 2316 prece

925 2326 1020 2359 Omni
1047 2336 1105 2358 nos
1133 2326 1273 2358 emunda
1302 2325 1403 2367 faece,

924 2375 980 2408 Sic
1004 2376 1168 2409 collaudet
1197 2380 1228 2406 te
1256 2385 1318 2407 vox
1347 2375 1448 2419 chori,

926 2424 971 2458 Ut
999 2430 1129 2466 coaptet
1156 2434 1191 2456 se
1220 2434 1275 2456 cor
1301 2425 1350 2456 ori

925 2522 974 2556 Ob
1005 2523 1163 2557 virtutum
1190 2522 1353 2558 meritum.
