1650 2727
183 397 243 431 la.

182 595 243 627 2a.

183 791 248 823 3a.

182 1036 242 1066 4a.

181 1231 243 1263 5a.

187 1523 251 1555 6a.

193 2059 253 2091 7a.

735 108 740 110 .
767 91 845 115 ’.ἡκ-ο
856 91 922 128 ‘J·]3⁴*.
935 92 963 113 ,ἱ
974 99 1021 126 χει,
1037 111 1043 114 .
1071 90 1075 98 ’

683 170 734 179 -
782 118 952 191 145⁶ss-

594 303 658 336 180.
700 303 745 336 De
764 303 866 337 beata
886 304 991 338 Haris
1011 306 1050 338 V.

271 395 399 429 Psallat
425 395 534 429 fidelis
561 395 669 429 contio

270 445 349 478 Cum
377 446 495 486 gaudio

316 494 491 528 Iubilando
518 494 655 537 Mariae,

272 594 373 632 Quam
401 594 470 626 sine
497 593 571 626 labe
598 592 744 626 criminis

270 642 312 674 Et
340 644 430 675 salvo
455 642 534 674 flore
562 643 697 682 virginis

318 691 460 724 Matrem
488 696 582 732 pater
609 691 717 732 elegit,

275 789 324 821 Tu
349 799 383 821 es
410 789 567 829 pincerna
592 789 718 829 veniae,

321 839 422 870 Dives
449 838 482 869 iu
511 838 659 879 caritate,

274 886 418 919 Et‘fons
444 886 690 919 misericordiae

324 937 463 968 Manans
490 936 661 968 suavitate.

272 1033 297 1066 Ο
326 1034 442 1065 nobilis
470 1042 643 1073 puerpera,

271 1081 389 1114 Mundi
417 1088 450 1113 tu
478 1082 567 1114 lavas
595 1082 730 1123 scelera,

323 1133 394 1164 1100
418 1130 489 1162 orbi
517 1130 695 1172 perfecisti,

271 1229 349 1261 Flos
382 1229 553 1270 virginum,

271 1277 345 1309 Dux
378 1277 538 1317 agminum

323 1325 532 1366 Caelestium‚

374 1376 455 1407 Prae
475 1375 593 1406 ceteris
612 1375 796 1408 hominibus

417 1423 530 1455 Beata.

277 1520 302 1553 O
330 1520 452 1561 regina,

275 1568 351 1601 Sine
377 1569 471 1609 spina

325 1619 374 1650 Tu
401 1626 476 1649 rosa
504 1617 657 1657 vernalis,

278 1666 366 1699 Dans
394 1666 525 1698 odorem

279 1715 465 1748 Dulciorem

330 1763 479 1797 Paradisi
506 1763 612 1803 malis,

328 1814 378 1845 Tu
405 1821 529 1853 gemma
557 1812 762 1853 Principalis,

280 1862 411 1903 Signum
441 1862 539 1900 dumi,

281 1910 381 1951 Virga
409 1909 489 1941 fumi

331 1960 431 2000 Vigor
456 1959 633 1991 aestivalis.

282 2057 400 2097 Maria,
428 2057 514 2089 salus
541 2057 718 2096 hominum,

282 2106 449 2139 Medicina
476 2106 657 2147 criminum,

282 2154 328 2187 Te
355 2155 450 2187 decet
476 2159 549 2194 post
575 2154 749 2186 Dominum

331 2204 426 2244 Laus,
458 2203 561 2236 honor
588 2207 618 2235 et
644 2207 799 2247 potestas,

194 2305 257 2338 Sa.
285 2302 334 2335 Tu
360 2302 427 2335 nati
454 2301 503 2333 tui
528 2301 607 2340 filia,

336 2350 485 2393 Supremi
511 2350 679 2392 genitoris,

285 2399 488 2434 Continentis
513 2400 621 2433 omnia

336 2449 515 2490 Nostrique
540 2448 707 2491 creatoris,

335 2500 385 2532 Tu
409 2508 529 2532 manna
554 2507 588 2530 es
614 2497 750 2539 saporis.

883 396 948 430 lb.

885 592 950 627 2b.

888 788 950 824 3b.

886 1033 950 1066 4b.

888 1228 951 1261 5b.

888 1519 952 1553 6b.

893 2057 955 2092 7b.

973 397 1019 430 Et
1043 402 1288 437 praesentemus
1313 398 1441 432 cantica

973 445 1136 486 Orgauica.

1025 493 1188 527 Sollennis
1214 493 1386 528 melodiae.

977 593 1041 625 Per
1066 601 1161 633 quam
1188 595 1300 634 gustus
1327 592 1420 625 exitii

973 642 1019 674 Et
1044 642 1191 683 perpetis
1218 641 1325 674 exsilii

1022 691 1077 722 Ius
1103 690 1277 732 pristinum
1303 689 1447 732 infregit.

978 788 1028 821 Tu
1054 789 1150 820 stella
1175 788 1364 830 pudicitiae,

1027 837 1076 869 Tu
1101 838 1188 870 vitae
1214 837 1386 879 medicina,

977 887 1111 919 Peccati
1136 887 1202 918 telo
1228 886 1358 919 sauciae

1028 935 1213 967 Munditiae
1239 935 1377 968 cortina.

978 1033 1022 1066 Et
1048 1032 1231 1064 mortalium
1259 1032 1371 1072 generi

982 1081 1136 1114 Clausisti
1157 1086 1271 1122 portas
1297 1080 1395 1114 inferi

1032 1130 1211 1170 vectesque
1240 1129 1441 1171 confregisti.

979 1228 1028 1260 Tu
1054 1228 1192 1260 servulis

977 1276 1135 1309 Periculis

1028 1324 1212 1366 Refugium‚

1079 1373 1283 1406 Caelestibus
1319 1373 1503 1416 agminibus

1124 1423 1287 1456 Praelata.

980 1519 1081 1552 Stella
1108 1521 1207 1552 maris

980 1568 1170 1608 Appellaris

1030 1619 1147 1657 Lapsis
1172 1618 1206 1649 in
1233 1619 1404 1657 sentinam,

981 1667 1192 1699 peccatorum

982 1713 1223 1757 Naufragorum

1031 1764 1146 1806 Dirige
1174 1765 1317 1797 carinam

1030 1813 1086 1845 Ad
1112 1814 1252 1854 patriam
1281 1814 1437 1854 divinam7

980 1862 1018 1894 In
1045 1871 1107 1902 qua
1135 1863 1230 1895 domo

985 1911 1103 1944 Nullus
1129 1912 1224 1944 homo

1035 1961 1163 1993 Patitur
1190 1961 1329 1995 ruinam.

984 2057 1067 2090 Nam
1095 2068 1133 2090 ex
1161 2063 1193 2090 te
1220 2064 1331 2092 manat
1358 2060 1477 2102 gratia,

984 2107 1063 2149 Pax,
1092 2107 1329 2146 misericordia,

985 2154 1096 2197 Fides,
1123 2158 1352 2197 temperantia,

1033 2204 1116 2248 Lux,
1146 2205 1286 2248 bonitas,
1313 2206 1479 2241 maiestas.

1049 2523 1486 2540 ........
