1650 2727
711 174 954 210 -21-

197 273 231 308 3.
263 272 317 306 Sic
343 281 378 305 se
403 273 497 308 nobis
523 273 701 316 coaptavit,
899 275 931 307 8.
959 273 1101 305 Matrem
1131 277 1219 312 petat
1248 282 1322 304 reus
1352 272 1446 305 homo

309 323 404 355 homo
428 321 466 355 fit
490 331 551 362 pro
574 322 713 361 homine,
1008 321 1168 354 hominem
1199 323 1355 360 securius,

259 371 381 405 Caecus
407 372 475 403 alta
500 379 541 402 ne
568 369 730 413 desperet,
961 370 1015 402 Fit
1038 380 1098 411 per
1116 374 1251 402 matrem
1279 375 1385 409 natus,
1412 372 1509 411 pater

305 420 392 453 fliius
416 419 455 452 fit
480 417 630 452 feminae.
1005 428 1065 461 per
1092 423 1201 451 natum
1230 419 1403 460 propitius,

192 539 229 571 4.
256 536 384 569 Primus
410 535 505 568 homo
532 545 596 569 non
623 545 761 576 peccare
898 538 930 570 9.
960 536 1089 569 Patrem
1118 535 1205 568 intus
1234 541 1344 576 portat
1372 540 1489 575 mater,

300 585 417 626 potuit,
444 584 502 617 sed
530 584 648 626 noluit3
1006 586 1124 618 ostium
1152 590 1203 616 est
1231 584 1328 623 filius,

253 633 408 666 Nostrum
435 638 544 666 tamen
571 637 620 666 est
643 642 791 676 peccare,
957 634 1085 667 Intrant
1112 634 1159 666 rei
1187 643 1246 676 per
1272 633 1412 666 Mariam

301 691 403 715 novus
428 682 510 715 haec
536 692 600 715 non
627 683 745 724 potuit.
1006 685 1096 724 prius
1123 687 1219 724 atque
1245 683 1353 717 latius,

191 802 223 834 5.
250 800 338 833 Mori
364 802 474 840 potest
500 804 532 832 et
557 809 623 832 non
648 800 743 840 mori,
873 802 928 835 10.
957 800 1012 833 Sol
1039 807 1087 834 est
1117 805 1229 843 pater,
1266 806 1370 833 mater
1398 801 1505 842 steila,

297 849 421 892 primus
448 849 544 882 bomo
571 849 734 891 conditur,
1005 856 1100 883 natus
1127 851 1204 882 soiis
1233 851 1355 887 radius,

250 897 367 931 Sumus
393 905 500 931 tamen
528 908 586 931 nos
613 898 779 938 mortales,
957 900 1056 934 Pater
1082 900 1215 939 sanctis,
1244 904 1348 931 mater
1376 900 1439 930 reis

299 957 401 980 novus
428 952 544 989 sponte
572 948 720 982 moritur.
1006 949 1070 990 lux,
1100 948 1221 981 inferni
1249 948 1347 982 filiuS.

194 1067 227 1100 6.
255 1065 440 1107 Acquisivit
467 1070 571 1097 morte
597 1074 654 1097 sua
878 1068 933 1101 11.
963 1066 1016 1099 Sie¹
1043 1071 1182 1099 novatur
1209 1071 1301 1098 vetus
1327 1067 1434 1108 homo,

304 1113 398 1147 nobis
424 1114 673 1155 benignissimus
1008 1116 1054 1148 sic
1081 1117 1194 1148 novari
1221 1116 1355 1156 poteris,

253 1163 374 1203 Vitam,
402 1163 433 1195 in
461 1172 524 1203 qua
550 1172 609 1196 nec
636 1172 772 1204 peccare
958 1166 992 1198 Si
1020 1175 1079 1206 per
1104 1171 1241 1198 matrem
1269 1165 1330 1197 tibi
1356 1168 1467 1197 natum

302 1221 361 1244 nec
387 1212 468 1244 mori
497 1212 686 1253 poterimus,
1006 1215 1200 1246 advocatum
1229 1213 1356 1246 feceris.

191 1332 222 1364 7.
252 1330 350 1363 Pater
375 1330 475 1370 Deus,
502 1336 606 1363 mater
632 1331 738 1370 homo,
873 1334 927 1365 12.
956 1333 985 1365 A
1010 1332 1181 1372 praedicto
1210 1332 1416 1365 decachordo

298 1379 499 1412 Deus-homo
526 1380 622 1422 filius,
955 1381 1165 1414 Discordanti
1193 1391 1255 1414 non
1285 1382 1459 1420 concordo,

248 1428 338 1461 Deus
365 1438 504 1471 sursum,
532 1429 629 1462 homo
656 1431 747 1467 citra,
954 1429 1029 1463 Non
1042 1434 1115 1463 sunt
1127 1431 1262 1469 Christi,
1278 1431 1395 1471 quibus
1410 1430 1501 1463 cordi

297 1477 500 1510 Deus-homo
527 1478 664 1512 medius.
956 1479 1028 1512 Non
1056 1485 1105 1512 est
1132 1480 1213 1512 ordo
1241 1480 1449 1513 decachordi.

227 1585 318 1623 Trop.
332 1595 385 1614 ms.
404 1586 599 1614 Martialeuse
616 1595 694 1614 saec.
713 1584 845 1616 12.—14.
861 1587 933 1615 Cod.
947 1589 1077 1616 Parisin.
1097 1587 1179 1616 1139.
1198 1588 1264 1616 add.
1282 1598 1358 1617 saec.
1376 1586 1450 1616 ¹²s'13.
1463 1603 1501 1608 -

154 1625 212 1653 Mit
234 1627 477 1663 zweistimmiger
498 1626 629 1654 Melodie
653 1627 684 1654 in
707 1627 852 1655 Neumen.
874 1643 913 1647 —
935 1627 967 1660 7,
993 1626 1011 1653 3
1034 1630 1133 1655 scitra.
1157 1643 1194 1647 —
1219 1625 1262 1660 12,
1285 1627 1303 1655 4
1326 1629 1499 1656 decacordo.

592 1821 619 1852 6.
663 1820 697 1852 ln
720 1820 900 1855 Nativitate
924 1822 1057 1855 Domini.

180 1942 212 1976 1.
240 1941 346 1976 Natus
373 1947 422 1976 est
448 1952 506 1976 rex
890 1947 920 1981 2.
948 1946 1076 1980 Novum
1105 1955 1214 1988 regem

291 1992 331 2025 de
359 1993 485 2034 virgine
510 1993 630 2038 Maria,
998 1996 1110 2028 laudet
1136 1996 1226 2028 orbis
1253 1999 1415 2028 terrarum

238 2041 357 2075 Mundi
383 2044 483 2082 salus,
948 2046 1027 2078 Cum
1056 2055 1211 2078 novarum

287 2098 441 2125 aeternae
468 2091 555 2126 vitae
582 2093 645 2136 via,
996 2095 1094 2127 laude
1121 2095 1347 2132 melodiarum,

237 2140 337 2181 Quem
365 2142 495 2184 peperit
945 2144 1005 2185 Qui
1034 2155 1092 2177 nos
1119 2145 1221 2177 trahit

287 2192 412 2225 intacta
437 2195 543 2226 mater
569 2193 635 2234 pia.
997 2193 1038 2226 de
1064 2195 1137 2227 lacu
1165 2193 1372 2226 tenebrarum

947 2243 990 2276 Et
1019 2248 1207 2276 cunctarum

992 2293 1077 2325 mole
1104 2293 1320 2328 miseriarum,

285 2339 312 2373 Ο
339 2344 461 2381 quanta
487 2341 607 2382 gaudia
995 2342 1115 2383 Adam,
1141 2352 1235 2383 quem
1265 2341 1418 2384 fregerat,

284 2388 373 2422 Dant
398 2389 431 2422 in
457 2390 595 2423 ecclesia
996 2391 1109 2424 Hostis
1138 2393 1323 2434 deceperat,

282 2437 377 2471 Haec
398 2439 562 2483 natalitia,
993 2441 1140 2482 Regnum
1170 2442 1373 2484 perdiderat.

281 2487 406 2521 Christi
432 2489 620 2530 praesentia
991 2491 1082 2531 Quod
1110 2491 1200 2523 Deus
1229 2491 1365 2524 dederat

328 2536 371 2570 Et
398 2537 467 2571 eius
494 2535 620 2580 gratia!
1040 2540 1085 2573 Et
1113 2541 1182 2573 eius
1209 2541 1326 2584 gratia.
