1650 2727
695 158 963 194 —100—

580 283 637 316 114.
679 283 723 315 De
743 281 923 315 Nativitate
943 280 1077 313 Domini.

173 383 205 416 1.
234 382 296 415 Est
322 383 361 415 de
387 389 496 417 monte
523 385 607 426 lapis
635 393 758 424 caesus,
873 386 908 418 4.
935 384 1086 417 Thronus
1112 385 1181 426 regi
1207 385 1436 425 praeparatur,

231 431 309 463 Fuit
334 437 442 465 tamen
469 443 560 466 mons
586 434 731 474 illaesus,
934 433 1023 465 Arca
1049 432 1120 466 Noe
1146 432 1339 472 fabricatur,

230 482 299 520 Quo
324 483 483 521 processit
510 487 621 515 noster
650 483 750 516 Iesus.
935 482 999 514 Per
1024 491 1120 522 quam
1145 481 1284 514 mundus
1313 479 1483 512 liberatur.

170 568 204 601 2.
234 569 295 608 Qui
323 568 363 600 de
389 571 467 602 sede
494 570 673 602 maiestatis
875 572 907 604 5.
938 569 1072 601 Caelum
1099 570 1204 602 stillat
1229 568 1323 601 nobis
1349 575 1469 606 rorem,

233 617 331 648 Venit
359 619 400 651 ad
425 628 482 651 nos
510 618 619 650 ferens
646 618 747 659 gratis
934 618 1018 658 Apis
1045 619 1151 650 mellis
1176 619 1233 650 dat
1260 617 1436 658 dulcorem,

233 665 373 698 Nostrae
400 677 480 699 onus
507 669 721 708 paupertatis.
935 667 1037 707 Virga
1063 667 1152 700 Iesse
1179 667 1281 708 gignit
1307 664 1432 698 florem.

173 755 205 787 3.
233 754 333 793 Quam
360 758 394 785 ut
421 754 515 786 daret
541 755 633 795 virga
661 754 760 793 Iesse,
878 755 910 787 6.
938 754 1023 789 Iesu,
1051 753 1186 786 verbum
1213 753 1328 785 summi
1355 751 1472 794 patris,

232 802 374 842 Tempus
402 807 471 835 erat
499 807 529 834 et
557 812 699 844 necesse,
939 802 1002 833 Per
1027 811 1169 834 amorem
1196 807 1271 834 tuae
1297 801 1412 833 matris

233 850 310 883 Cum
347 852 410 883 iam
444 861 535 892 seges
562 853 604 883 sit
629 852 662 883 in
689 860 803 883 messe.
939 850 1007 882 Nos
1033 854 1125 883 tuere
1151 861 1170 883 a
1196 850 1352 891 peccatis.

242 938 327 964 Cant.
359 947 412 965 ms.
441 938 591 974 Pragense
620 937 805 967 (wenceslai
837 936 873 963 de
901 935 1084 971 WVyskytna)
1115 937 1187 963 anni
1223 934 1306 964 1512.
1332 936 1404 964 Cod.
1431 936 1511 963 Mus.

163 976 285 1004 Bohem.
315 977 389 1004 XIII
415 978 440 1003 A
472 975 498 1003 2.
529 978 562 1003 A.
592 992 630 996 —
659 976 745 1003 Cant.
779 985 833 1003 ms.
859 974 1096 1010 vissegradeuse
1127 983 1204 1002 saec.
1238 973 1284 1002 15.
1310 975 1382 1003 Cod.
1411 975 1502 1011 Capit

162 1016 372 1051 Vissegraden.
396 1026 418 1042 s.
441 1025 469 1042 n.
490 1016 539 1045 (ol.
561 1016 587 1041 V
610 1016 632 1042 C
654 1024 669 1041 c
694 1018 721 1047 η)
738 1016 773 1042 Β,
796 1030 831 1033 —
854 1012 882 1046 3,
905 1011 923 1041 3
944 1014 977 1040 fit
996 1014 1028 1040 in
1043 1014 1078 1041 A.
1099 1030 1132 1033 —
1160 1014 1187 1046 4,
1210 1011 1228 1042 3
1242 1015 1299 1042 Per
1320 1023 1408 1050 quem
1422 1015 1457 1042 B.
1472 1029 1505 1034 -

162 1053 189 1086 5,
211 1054 229 1082 3
251 1056 376 1090 gignens*
401 1056 432 1081 12.
455 1069 493 1072 —
515 1055 550 1081 Iu
572 1054 596 1080 B
619 1063 686 1080 zum
708 1054 792 1081 Teile
811 1053 856 1080 als
877 1054 994 1089 Tropus
1017 1052 1069 1079 des
1091 1053 1218 1080 Sanctus
1238 1053 1418 1081 verwendet.

583 1206 639 1238 115.
684 1208 726 1238 De
750 1205 927 1238 Nativitate
952 1205 1085 1238 Domini.

177 1310 208 1344 1.
238 1309 300 1342 En.
329 1309 419 1351 virgo
447 1311 533 1350 parit
554 1310 666 1349 filium,
881 1310 912 1343 3.
941 1309 1117 1342 Hominum
1145 1315 1305 1347 naturam,

283 1358 469 1401 lubilemus‚
991 1358 1178 1399 Iubssemus,

235 1408 322 1440 Rosa
349 1408 449 1449 gignit
477 1408 593 1446 lilium,
941 1407 1086 1446 Sumpsit
1114 1412 1226 1439 contra
1252 1408 1334 1446 iura,

282 1457 502 1489 Exsultemus.
990 1455 1212 1489 Exsultemus.

175 1545 209 1577 2.
235 1545 295 1584 Qui
323 1544 578 1584 prophetizatus.
789 1578 791 1581 ,
880 1546 913 1576 4.
941 1542 1053 1576 Golias
1080 1549 1276 1584 prostratus,

285 1593 471 1635 Iubihemus,
994 1592 1178 1632 iubilemus,

233 1642 291 1674 Est
318 1643 349 1673 in
377 1642 486 1674 orbem
516 1647 622 1678 natus.
942 1641 1048 1674 Homo
1076 1642 1246 1683 liberatus,

283 1691 504 1723 Exsultemus.
988 1690 1209 1723 Exsultemns.

613 1780 653 1812 R.
681 1779 803 1811 Natum
830 1780 900 1810 sine
927 1779 1034 1817 Patre,

682 1828 803 1860 Filium
831 1837 902 1860 cum
930 1833 1033 1860 matre

731 1877 971 1910 Collaudemus.

241 1964 418 1999 Rozenplut,
440 1963 617 2000 Kancyomil
642 1962 726 1995 1601,
747 1973 776 2000 p.
798 1961 846 1991 78.

586 2117 641 2148 116.
691 2117 735 2148 De
757 2115 935 2148 Nativitate
958 2115 1090 2148 Domini.

181 2221 214 2253 1.
243 2219 346 2251 Nobis
372 2223 420 2251 est
445 2223 540 2251 natus
567 2218 665 2250 hodie
886 2218 918 2250 3.
947 2217 1025 2249 Ideo
1051 2227 1110 2250 nos
1136 2218 1320 2259 terrigenae

238 2268 287 2301 De
314 2277 396 2308 pura
420 2267 545 2308 virgine
947 2265 1132 2299 Laudemus
1158 2267 1256 2300 hodie

239 2318 310 2350 Rex
336 2316 502 2358 victoriae,
943 2314 1065 2355 Regem
1091 2316 1268 2356 potentiae.

175 2408 207 2440 2.
237 2405 296 2438 Cui
322 2404 381 2444 sol,
409 2405 485 2437 luna
512 2407 543 2436 et
573 2408 661 2436 terra

178 2489 183 2494 ,
235 2455 281 2487 Et
306 2454 413 2487 omnia
439 2453 549 2486 sidera
