1650 2727
719 140 958 176 -57-

613 262 662 294 69.
704 262 748 295 De
772 261 873 295 Beata
894 262 997 294 Maria
1019 262 1055 294 V.

171 354 203 388 1.
229 352 311 394 Ave,
338 358 443 388 mater
467 363 487 386 o
512 355 622 388 Maria
876 356 908 388 3.
937 354 1046 388 Plena
1074 355 1160 387 dulci
1189 355 1360 393 medicina,

231 402 380 445 Pietatis,
404 406 474 437 tota
498 404 564 444 pia,
605 427 608 433 .
938 404 988 436 Tu
1014 408 1189 444 protegens
1214 413 1233 435 a
1259 404 1364 441 ruina,

231 451 308 484 Sine
333 455 366 484 te
391 462 455 485 non
481 457 553 484 erat
579 453 631 484 via
937 453 986 484 Tu
1013 461 1047 484 es
1075 456 1199 493 portus,
1229 456 1263 484 tu
1291 454 1402 484 carina

278 501 476 543 Deploranti
501 502 644 535 saeculo.
984 502 1022 533 ln
1051 501 1137 533 omni
1166 501 1322 541 periculo,

169 591 202 625 2.
229 587 354 622 Gratia
379 592 416 621 tu
440 588 535 622 nobis
563 589 652 629 data,
875 591 908 621 4.
936 589 962 622 Ο
991 589 1109 630 Maria,
1137 593 1173 620 tu
1199 589 1316 620 solaris

228 638 329 678 Quam
357 636 465 670 fidelis
491 638 664 675 advocata,
936 637 1064 670 Mieans
1091 637 1249 677 phoebus,
1278 637 1373 669 stella
1397 639 1508 679 maris,

230 686 320 719 Caeli
346 686 473 719 thronis
500 696 534 718 es
563 688 713 726 praelata
937 686 1068 719 Christo
1097 687 1166 727 regi
1194 687 1344 719 tutelaris

279 737 317 769 In
344 739 478 768 aeterno
502 735 595 770 solio.
986 735 1181 768 Coruscanti
1208 736 1301 769 solio.

235 823 322 851 Cant.
349 832 402 850 ms.
430 823 460 851 S.
483 822 651 850 Salvatoris
674 823 779 850 Venet.
809 832 886 850 saec.
916 821 992 850 ¹⁵55.
1015 824 1087 850 Cod.
1111 824 1278 850 Bononien.
1303 820 1388 850 2215.
1414 823 1448 850 A.
1477 839 1507 842 —

155 863 242 891 Cant.
265 872 318 890 ms.
340 862 532 890 Franciscan.
555 862 660 890 Venet.
683 871 760 890 saec.
787 860 829 889 15.
853 862 924 890 cod.
947 863 1093 890 Mareian.
1116 862 1152 889 It.
1176 862 1219 890 IX
1246 861 1308 889 145.
1327 863 1358 889 Β.
1386 879 1421 882 —-
1447 862 1470 895 1,
1492 862 1511 891 4

155 903 180 930 A
204 902 375 938 deploranti
397 902 432 929 A.
456 916 492 920 —
514 900 549 933 2,
578 900 597 929 3
619 901 738 937 prolata
760 901 791 929 Β.
817 917 854 921 -
875 901 933 929 Str.
956 902 973 927 2),
996 902 1055 929 und
1077 900 1096 930 4
1118 902 1291 937 umgestellt
1314 902 1346 928 Β.
1374 920 1402 921 ψ
1429 901 1461 933 3,
1495 901 1507 930 l

155 942 252 970 dulcis
274 943 308 969 A.
330 956 369 961 -
390 939 417 974 3,
441 939 459 969 2
479 942 526 969 Tu
548 951 579 969 es
602 942 634 968 B.
659 957 693 960 —-
717 940 742 973 3,
766 938 784 967 3
805 941 851 968 Tu
873 949 904 968 es
927 945 1037 977 puntns
1060 942 1094 968 Α,
1119 956 1152 959 —
1177 942 1203 973 3,
1227 940 1245 968 4
1268 942 1301 968 In
1324 941 1397 968 fehlt
1420 943 1452 968 Α.
1473 957 1510 961 -

156 982 214 1009 Str.
236 979 255 1008 4
276 981 351 1008 fehlt
374 980 406 1008 A.

613 1077 660 1107 70.
704 1076 745 1107 De
769 1075 868 1107 Beata
891 1075 992 1107 Maria
1017 1076 1050 1107 V.

475 1170 506 1202 1.
534 1169 656 1201 Rector
682 1173 797 1209 potens
826 1168 919 1207 caeli,
947 1173 1065 1211 terrae,
1094 1170 1204 1208 mari&

536 1218 686 1251 Omnium
714 1216 830 1257 faetor,
858 1218 912 1259 qui
940 1218 1122 1251 moderaris

539 1267 618 1300 Alto
645 1266 778 1300 deitatis
804 1266 939 1299 consilio

536 1316 668 1349 Summa
694 1325 765 1348 cum
793 1315 867 1348 imis
894 1317 984 1349 nullo
1010 1317 1129 1356 medio,

535 1366 583 1398 Tu
610 1366 724 1398 matris
750 1365 793 1398 ad
820 1365 934 1397 laudes
961 1374 1086 1398 summe
1115 1365 1218 1398 bonae

584 1414 692 1456 Digno
719 1415 796 1447 dato
823 1423 973 1446 sermone

536 1464 579 1497 Os
606 1463 710 1505 aperi,
738 1463 899 1505 pulsoque
927 1464 1006 1496 vitio

536 1514 640 1546 Purae
668 1514 763 1544 matri
791 1523 874 1554 pura
901 1513 943 1544 sit
971 1513 1090 1547 cantio.

477 1604 510 1635 2.
538 1602 612 1645 Dic,
639 1602 772 1636 Christi.
803 1602 866 1641 dic,
896 1602 1154 1634 misericordiae.

535 1651 596 1684 Dic
623 1655 747 1691 nostra7
776 1651 841 1692 dic,
868 1651 967 1683 totius
995 1652 1133 1693 gratiae,

533 1704 602 1742 Qua
628 1701 725 1733 laude
752 1705 784 1733 te
811 1700 1003 1741 referamus,
1032 1703 1161 1734 mater?

532 1750 616 1791 Quia
644 1753 816 1783 contentus
843 1760 861 1782 a
887 1750 976 1782 nullo
1004 1755 1109 1790 pater,

536 1800 718 1833 continens
745 1800 863 1839 omnia,
892 1800 946 1839 qui
974 1809 1036 1832 non
1066 1800 1155 1832 caelo

583 1849 730 1890 Capitur,
758 1849 811 1881 hic
837 1849 897 1881 sub
924 1849 997 1881 velo

534 1898 714 1931 velaminis
742 1899 849 1931 carnis
877 1908 895 1931 a
922 1901 955 1930 te
981 1901 1059 1931 nata

534 1948 642 1980 Natus
671 1951 720 1979 est
746 1947 843 1990 filiuS,
872 1958 891 1980 o
918 1947 1026 1981 beata.

472 2039 504 2071 3.
533 2038 653 2071 Dicant
680 2046 810 2070 omnes:
837 2047 856 2070 o
883 2045 960 2069 vere
987 2037 1095 2078 beata,

532 2088 623 2128 Quae
649 2095 709 2128 per
734 2086 819 2119 illud
845 2095 907 2119 ave
932 2087 1076 2119 salutata

533 2138 586 2170 Ab
613 2137 805 2179 ingenerato
831 2136 889 2169 illo
917 2144 1038 2169 vaevae

533 2187 664 2220 Sanasti
690 2194 802 2218 omnes
829 2184 914 2218 filios
942 2185 1045 2227 Evae,

533 2236 616 2269 Nam
644 2235 742 2268 morti
770 2234 902 2268 deditus
929 2235 1025 2267 homo
1053 2238 1189 2268 mortem

583 2285 656 2318 Non
686 2285 829 2324 vicisset,
857 2285 885 2316 si
911 2290 1033 2318 sortem

536 2336 631 2369 Hanc
657 2343 719 2367 non
747 2333 958 2366 terminasset
984 2342 1044 2375 per
1071 2338 1103 2366 te
1131 2333 1208 2366 data

533 2384 650 2417 Gratia
677 2383 876 2423 misericors,
905 2382 1013 2417 beata.

143 2509 168 2539 c
216 2469 360 2538 tpolleat.
388 2479 444 2501 ms.
466 2471 496 2500 S.
518 2471 655 2500 Floriani
681 2479 759 2499 saec.
781 2467 841 2508 [ll.
864 2467 905 2508 et]
929 2468 973 2498 13,
997 2470 1068 2498 Cod.
1092 2470 1214 2499 Florian
1249 2471 1289 2497 xl
1313 2469 1359 2497 ὅδ-
1385 2484 1419 2488 —-
1441 2466 1468 2502 2,
1497 2467 1515 2497 5

174 2519 215 2539 on
230 2518 305 2539 mes.
