1650 2727
712 194 756 200 —
810 173 978 210 116—

212 270 243 302 3.
271 268 393 303 Noster
419 271 450 304 in
478 272 576 304 caelis
603 272 760 304 Dominus

266 318 413 361 Regnat,
440 321 495 361 qui
522 322 647 353 cunctis
673 321 812 354 saeculis

270 367 338 399 Nos
365 369 414 400 sui
442 370 546 401 sancti
573 370 725 410 precibus

271 417 360 450 Caeli
389 419 562 460 coniungat
586 419 720 460 angelis.

386 524 598 559 Responsoria.

211 593 242 625 1.
269 592 408 632 Magnus
437 602 554 633 praeco
583 593 737 625 divinitus

268 640 390 673 Missus
417 643 458 673 ad
487 646 596 681 partes
622 642 759 683 patriae,

269 689 328 720 Vir
354 699 430 721 vere
460 690 517 722 Dei
544 691 679 722 caelitus

269 737 409 770 Cunctos
436 738 562 779 subegit
588 739 713 780 gratiae

266 786 402 819 Morbos
429 788 573 819 curando
598 787 739 819 omnium

267 834 387 867 Christi
410 836 592 867 invocando
620 836 758 868 nomine.

192 880 234 917 V.
263 884 384 923 Verbo,
412 885 489 923 vita,
518 885 682 916 miraculis

266 931 386 964 Saevos
414 933 545 972 repellit
573 933 756 965 daemones.

209 1031 241 1062 2.
270 1030 396 1068 Corpus
423 1028 579 1061 afflictum
605 1030 724 1070 iugiter

266 1077 399 1117 Subegit
428 1078 548 1109 Christi
575 1078 711 1118 legibus,

265 1125 356 1164 Quod
385 1127 514 1158 calcans
542 1127 768 1166 multipliciter

268 1173 341 1206 Non
369 1175 441 1206 tulit
469 1175 570 1215 mergi
597 1175 757 1215 turpibus,

264 1222 329 1254 Sed
357 1223 441 1255 dono
468 1224 529 1255 Dei
556 1224 680 1264 gratiae

263 1271 421 1303 Mundum
449 1273 591 1304 servavit
618 1273 779 1312 spiritum,

190 1316 232 1352 V.
261 1319 398 1351 Carnem
426 1321 582 1352 adversus
609 1322 750 1352 animam

265 1368 432 1400 Rebellem
459 1369 560 1400 sensit
586 1369 770 1409 plurimum.

203 1466 235 1498 3.
264 1465 444 1506 Exemplar
472 1467 581 1498 datum
609 1466 739 1497 humilis

264 1514 407 1546 lacintus
435 1514 496 1546 fuit
522 1516 662 1556 saeculo,

264 1562 513 1594 Cracoviensem
542 1564 695 1604 populum

263 1610 405 1643 Caelesti
432 1621 568 1652 pascens
595 1612 723 1653 pabulo,

262 1659 384 1692 Christi
417 1660 626 1701 frequentans
654 1660 805 1700 poculum

260 1708 302 1739 Et
331 1710 477 1749 corporis
504 1709 705 1749 mysterium.
773 1724 789 1735 ο

189 1752 232 1789 V.
266 1756 377 1788 Velum
405 1757 483 1789 fecit
508 1758 548 1789 de
578 1757 720 1789 iacintho

263 1805 477 1847 Certinasque
504 1815 696 1847 purpureas

288 1951 334 1983 In
373 1954 406 1986 3.
445 1952 677 1986 Nocturno.

382 2029 581 2065 Antiphonae.

198 2118 229 2150 1.
257 2117 335 2157 Quis
361 2118 444 2151 vidit
470 2119 503 2150 in
530 2117 725 2150 caelestibus

260 2165 448 2198 Florentem
474 2171 568 2200 tanta
595 2166 709 2207 gloria,

260 2215 319 2255 Qui
347 2217 444 2248 vitam
472 2216 504 2247 in
531 2215 744 2248 terrestribus

262 2266 442 2297 Conservat
464 2264 527 2296 Dei
555 2264 686 2305 gratia?

198 2363 231 2396 2.
261 2362 389 2394 Virtute
415 2372 532 2404 magna
558 2362 728 2403 praeditus

259 2411 347 2443 Vicit
373 2421 468 2445 omne
494 2410 699 2444 mortiferum

255 2460 300 2493 Et
325 2466 433 2493 mente
459 2470 588 2502 semper
614 2459 760 2493 fervidus

257 2510 348 2543 Caeli
376 2510 566 2543 conscendit
592 2510 720 2543 solium.

911 274 945 307 3.
971 273 1075 305 Terra
1103 272 1218 304 relicta
1244 270 1373 311 ceteris,

970 321 1089 362 Spreta
1115 323 1303 361 contemptu
1329 318 1431 362 facili,

970 370 1099 410 Pauper
1123 370 1268 402 Iacintus
1295 368 1410 401 statuit

969 419 1098 459 Degere
1124 418 1186 450 sibi
1214 417 1339 450 humili.

1084 505 1297 540 Responsoria.

910 564 940 597 1.
970 562 1086 596 Patres
1112 564 1180 603 Ivo,
1207 560 1409 603 Dominicus,

967 612 1012 645 Et
1038 612 1136 655 Deus,
1165 621 1222 644 rex
1249 611 1440 650 altissimus,

966 661 1013 693 Te
1030 662 1171 700 doctum,
1188 665 1346 699 sanctum,
1359 659 1513 692 humilem

964 708 1129 741 Fecerunt
1154 709 1279 741 cunctis
1305 709 1456 748 saeculis,

966 758 992 791 Ο
1020 758 1070 790 vir
1095 757 1344 797 inenarrabili83

892 803 935 839 V.
964 807 1118 846 lacintus,
1147 806 1275 847 plebem
1301 806 1484 846 supplicem

967 854 1134 887 Couserva
1158 855 1223 886 tuis
1249 854 1387 888 meritiS.

906 933 938 965 2.
967 931 1143 964 Scandenti
1171 932 1252 963 caeli
1279 932 1401 973 sidera,

967 980 1188 1014 Consecuturo
1215 980 1393 1020 praemium

967 1028 1108 1061 Caelesti
1135 1028 1195 1059 tibi
1222 1028 1311 1060 curia

966 1077 1118 1110 Occurrit
1144 1086 1202 1108 rex
1229 1076 1461 1119 psallentium3

967 1125 1026 1157 Vir
1049 1130 1171 1165 sancte,
1201 1127 1269 1157 viso
1296 1125 1435 1158 Domino

892 1171 936 1208 V.
964 1174 1094 1206 Levans
1119 1174 1162 1206 ad
1189 1175 1313 1206 caelum
1340 1175 1452 1206 oculos

965 1222 1061 1263 Cogis
1088 1223 1179 1254 abire
1205 1223 1368 1263 spiritum.

905 1302 938 1335 3.
965 1300 1142 1333 Orantibus
1170 1301 1340 1341 discipulis

965 1349 1065 1381 Pater
1091 1350 1206 1381 relicto
1233 1350 1363 1382 saeculo

962 1397 1083 1430 Laetus
1109 1398 1258 1430 ascendit
1283 1398 1401 1438 spiritu

961 1446 1044 1478 Toto
1071 1446 1222 1486 plorante
1249 1447 1380 1487 populo.

962 1495 988 1527 O
1016 1495 1077 1534 vir,
1104 1499 1200 1535 pater
1225 1496 1443 1538 sanctissime,

962 1543 1040 1575 Tuis
1065 1552 1219 1575 succurre
1245 1543 1332 1584 filiis,

888 1588 932 1627 V.
960 1592 1021 1631 Qui
1048 1592 1256 1624 lacrimarum
1283 1591 1381 1624 fluvio

963 1639 1139 1672 Confidunt
1166 1641 1228 1673 tuis
1256 1642 1392 1676 meritis,

1047 1767 1078 1798 A
1091 1767 1110 1798 d
1147 1767 1175 1798 L
1185 1776 1204 1798 a
1214 1777 1233 1798 u
1246 1767 1265 1799 d
1277 1776 1295 1799 e
1304 1777 1330 1802 S.

1083 1834 1283 1870 Antiphonae.

903 1913 936 1947 1.
964 1913 1001 1944 In
1028 1912 1109 1945 hora
1135 1914 1186 1945 sui
1211 1914 1370 1946 transitus

960 1962 1105 1994 Iacintus
1131 1963 1243 2002 pansis
1270 1963 1420 1995 manibus

963 2010 1061 2043 Caelo
1088 2011 1257 2050 praemisit
1283 2012 1439 2052 spiritum

961 2058 1094 2091 Cunctis
1120 2060 1235 2092 solutis
1261 2059 1402 2093 fletibus.

901 2138 935 2171 2.
968 2138 1026 2180 „In
1053 2141 1085 2169 te
1111 2139 1253 2178 speravi,
1281 2138 1454 2180 Domine‚“

961 2185 1148 2218 Decantans
1177 2196 1254 2219 voce
1282 2187 1383 2220 flebili

964 2235 1116 2268 Sanctam
1144 2234 1272 2268 efflavit
1299 2238 1442 2270 animam

960 2284 1109 2325 Aspectu
1136 2285 1224 2317 visus
1251 2286 1370 2326 angeli.

901 2363 933 2396 3.
963 2362 1043 2396 Cum
1074 2363 1161 2394 venit
1187 2364 1230 2396 ad
1257 2364 1455 2398 versiculum

963 2412 1024 2455 „In
1050 2420 1164 2444 manus
1191 2416 1275 2453 tuam,
1302 2412 1474 2455 Domine,“

962 2460 1093 2494 Relicta
1120 2463 1227 2494 carnis
1254 2463 1385 2496 sarcina

963 2510 1066 2543 Redit
1090 2511 1133 2543 ad
1160 2520 1251 2543 suum
1280 2511 1459 2548 dominum.
