<?xml version="1.0" encoding="UTF-8"?>
<!DOCTYPE html PUBLIC "-//W3C//DTD XHTML 1.0 Transitional//EN"
    "http://www.w3.org/TR/xhtml1/DTD/xhtml1-transitional.dtd">
<html xmlns="http://www.w3.org/1999/xhtml" xml:lang="en" lang="en">
 <head>
  <title>
</title>
<meta http-equiv="Content-Type" content="text/html;charset=utf-8" />
  <meta name='ocr-system' content='tesseract 3.04.00' />
  <meta name='ocr-capabilities' content='ocr_page ocr_carea ocr_par ocr_line ocrx_word'/>
</head>
<body>
  <div class='ocr_page' id='page_1' title='image "./analectahymnica45drevuoft/analectahymnica45drevuoft_0242.png"; bbox 0 0 1650 2727; ppageno 0'>
   <div class='ocr_carea' id='block_1_1' title="bbox 734 167 973 203">
    <p class='ocr_par' dir='ltr' id='par_1_1' title="bbox 734 167 973 203">
     <span class='ocr_line' id='line_1_1' title="bbox 734 167 973 203; baseline -0.004 -11"><span class='ocrx_word' id='word_1_1' title='bbox 734 167 973 203; x_wconf 76' lang='lat'><strong>-27-.</strong></span> 
     </span>
    </p>
   </div>
   <div class='ocr_carea' id='block_1_2' title="bbox 610 260 1087 294">
    <p class='ocr_par' dir='ltr' id='par_1_2' title="bbox 610 260 1087 294">
     <span class='ocr_line' id='line_1_2' title="bbox 610 260 1087 294; baseline 0 -2"><span class='ocrx_word' id='word_1_2' title='bbox 610 260 653 292; x_wconf 77' lang='lat'>14.</span> <span class='ocrx_word' id='word_1_3' title='bbox 696 261 731 294; x_wconf 89' lang='lat' dir='ltr'>ln</span> <span class='ocrx_word' id='word_1_4' title='bbox 753 261 932 294; x_wconf 80' lang='lat' dir='ltr'><strong>Nativitate</strong></span> <span class='ocrx_word' id='word_1_5' title='bbox 954 261 1087 294; x_wconf 83' lang='lat' dir='ltr'><strong>Domini.</strong></span> 
     </span>
    </p>
   </div>
   <div class='ocr_carea' id='block_1_3' title="bbox 186 352 1436 981">
    <p class='ocr_par' dir='ltr' id='par_1_3' title="bbox 186 352 1436 981">
     <span class='ocr_line' id='line_1_3' title="bbox 188 352 1300 395; baseline 0 -9"><span class='ocrx_word' id='word_1_6' title='bbox 188 352 220 386; x_wconf 87' lang='lat'>1.</span> <span class='ocrx_word' id='word_1_7' title='bbox 250 352 383 386; x_wconf 83' lang='lat' dir='ltr'><strong>Promat</strong></span> <span class='ocrx_word' id='word_1_8' title='bbox 409 353 526 386; x_wconf 85' lang='lat' dir='ltr'><strong>chorus</strong></span> <span class='ocrx_word' id='word_1_9' title='bbox 553 353 662 393; x_wconf 90' lang='lat' dir='ltr'>hodie,</span> <span class='ocrx_word' id='word_1_10' title='bbox 893 355 925 387; x_wconf 88' lang='grc'>3.</span> <span class='ocrx_word' id='word_1_11' title='bbox 952 352 1003 386; x_wconf 87' lang='lat' dir='ltr'>Ex</span> <span class='ocrx_word' id='word_1_12' title='bbox 1033 354 1123 385; x_wconf 86' lang='lat' dir='ltr'><strong>cuius</strong></span> <span class='ocrx_word' id='word_1_13' title='bbox 1150 354 1300 395; x_wconf 80' lang='lat' dir='ltr'>imperio,</span> 
     </span>
     <span class='ocr_line' id='line_1_4' title="bbox 293 401 1172 444; baseline -0.005 -8"><span class='ocrx_word' id='word_1_14' title='bbox 293 401 321 436; x_wconf 88' lang='grc' dir='ltr'><em>Ο</em></span> <span class='ocrx_word' id='word_1_15' title='bbox 346 402 463 444; x_wconf 81' lang='lat' dir='ltr'><strong>contio,</strong></span> <span class='ocrx_word' id='word_1_16' title='bbox 1001 401 1027 434; x_wconf 87' lang='grc' dir='ltr'><em>Ο</em></span> <span class='ocrx_word' id='word_1_17' title='bbox 1054 402 1172 441; x_wconf 75' lang='lat' dir='ltr'><strong>comio,</strong></span> 
     </span>
     <span class='ocr_line' id='line_1_5' title="bbox 245 449 1327 492; baseline 0.001 -9"><span class='ocrx_word' id='word_1_18' title='bbox 245 449 416 483; x_wconf 83' lang='lat' dir='ltr'><strong>Canticum</strong></span> <span class='ocrx_word' id='word_1_19' title='bbox 442 450 598 490; x_wconf 85' lang='lat' dir='ltr'>laetitiae,</span> <span class='ocrx_word' id='word_1_20' title='bbox 953 450 1060 482; x_wconf 79' lang='lat' dir='ltr'>Servit</span> <span class='ocrx_word' id='word_1_21' title='bbox 1088 455 1200 483; x_wconf 81' lang='lat' dir='ltr'><strong>nostra</strong></span> <span class='ocrx_word' id='word_1_22' title='bbox 1227 452 1327 492; x_wconf 86' lang='lat' dir='ltr'><strong>regio,</strong></span> 
     </span>
     <span class='ocr_line' id='line_1_6' title="bbox 292 499 1171 541; baseline -0.002 -9"><span class='ocrx_word' id='word_1_23' title='bbox 292 499 319 532; x_wconf 93' lang='lat' dir='ltr'><em>O</em></span> <span class='ocrx_word' id='word_1_24' title='bbox 345 499 466 538; x_wconf 78' lang='lat' dir='ltr'>contio,</span> <span class='ocrx_word' id='word_1_25' title='bbox 1002 499 1028 532; x_wconf 88' lang='lat' dir='ltr'><em>O</em></span> <span class='ocrx_word' id='word_1_26' title='bbox 1055 500 1171 541; x_wconf 76' lang='lat' dir='ltr'>contio,</span> 
     </span>
     <span class='ocr_line' id='line_1_7' title="bbox 244 547 1237 588; baseline -0.001 -8"><span class='ocrx_word' id='word_1_27' title='bbox 244 547 392 588; x_wconf 71' lang='lat' dir='ltr'>PsaIffle,</span> <span class='ocrx_word' id='word_1_28' title='bbox 421 548 528 580; x_wconf 77' lang='lat' dir='ltr'><strong>contio</strong></span> <span class='ocrx_word' id='word_1_29' title='bbox 953 548 1102 587; x_wconf 81' lang='lat' dir='ltr'>Psallite‚</span> <span class='ocrx_word' id='word_1_30' title='bbox 1130 549 1237 580; x_wconf 78' lang='lat' dir='ltr'><strong>contio</strong></span> 
     </span>
     <span class='ocr_line' id='line_1_8' title="bbox 248 596 1364 638; baseline 0 -9"><span class='ocrx_word' id='word_1_31' title='bbox 248 597 374 629; x_wconf 80' lang='lat' dir='ltr'>Psallat</span> <span class='ocrx_word' id='word_1_32' title='bbox 401 606 472 629; x_wconf 88' lang='lat' dir='ltr'>cum</span> <span class='ocrx_word' id='word_1_33' title='bbox 499 596 656 638; x_wconf 90' lang='lat' dir='ltr'><strong>tripudio.</strong></span> <span class='ocrx_word' id='word_1_34' title='bbox 957 597 1081 630; x_wconf 77' lang='lat' dir='ltr'>psallat</span> <span class='ocrx_word' id='word_1_35' title='bbox 1108 606 1179 628; x_wconf 86' lang='lat' dir='ltr'>cum</span> <span class='ocrx_word' id='word_1_36' title='bbox 1208 597 1364 637; x_wconf 86' lang='lat' dir='ltr'><strong>tripudio.</strong></span> 
     </span>
     <span class='ocr_line' id='line_1_9' title="bbox 186 694 1284 737; baseline -0.002 -9"><span class='ocrx_word' id='word_1_37' title='bbox 186 696 218 730; x_wconf 90' lang='lat'>2.</span> <span class='ocrx_word' id='word_1_38' title='bbox 246 694 371 736; x_wconf 83' lang='lat' dir='ltr'>Regum</span> <span class='ocrx_word' id='word_1_39' title='bbox 399 704 457 727; x_wconf 86' lang='lat' dir='ltr'>rex</span> <span class='ocrx_word' id='word_1_40' title='bbox 484 697 516 726; x_wconf 82' lang='lat' dir='ltr'>et</span> <span class='ocrx_word' id='word_1_41' title='bbox 543 695 703 737; x_wconf 84' lang='lat' dir='ltr'><strong>dominus,</strong></span> <span class='ocrx_word' id='word_1_42' title='bbox 896 698 928 728; x_wconf 85' lang='lat'>4.</span> <span class='ocrx_word' id='word_1_43' title='bbox 958 695 993 728; x_wconf 89' lang='lat' dir='ltr'>In</span> <span class='ocrx_word' id='word_1_44' title='bbox 1018 699 1111 728; x_wconf 85' lang='lat' dir='ltr'>utero</span> <span class='ocrx_word' id='word_1_45' title='bbox 1138 694 1284 736; x_wconf 76' lang='lat' dir='ltr'><strong>virginis,</strong></span> 
     </span>
     <span class='ocr_line' id='line_1_10' title="bbox 293 743 1174 784; baseline -0.002 -7"><span class='ocrx_word' id='word_1_46' title='bbox 293 743 320 777; x_wconf 91' lang='grc' dir='ltr'><em>Ο</em></span> <span class='ocrx_word' id='word_1_47' title='bbox 346 744 465 781; x_wconf 78' lang='lat' dir='ltr'>contio,</span> <span class='ocrx_word' id='word_1_48' title='bbox 1001 743 1027 777; x_wconf 91' lang='lat' dir='ltr'><em>O</em></span> <span class='ocrx_word' id='word_1_49' title='bbox 1054 744 1174 784; x_wconf 74' lang='lat' dir='ltr'>contio,</span> 
     </span>
     <span class='ocr_line' id='line_1_11' title="bbox 243 792 1436 834; baseline 0 -9"><span class='ocrx_word' id='word_1_50' title='bbox 243 793 345 834; x_wconf 82' lang='lat' dir='ltr'>Quem</span> <span class='ocrx_word' id='word_1_51' title='bbox 371 803 436 825; x_wconf 86' lang='lat' dir='ltr'>non</span> <span class='ocrx_word' id='word_1_52' title='bbox 463 792 589 825; x_wconf 69' lang='lat' dir='ltr'>claudit</span> <span class='ocrx_word' id='word_1_53' title='bbox 614 793 782 831; x_wconf 81' lang='lat' dir='ltr'><strong>terminus,</strong></span> <span class='ocrx_word' id='word_1_54' title='bbox 951 792 1091 826; x_wconf 80' lang='lat' dir='ltr'>Carnem</span> <span class='ocrx_word' id='word_1_55' title='bbox 1119 793 1257 834; x_wconf 78' lang='lat' dir='ltr'>sumpsit</span> <span class='ocrx_word' id='word_1_56' title='bbox 1285 793 1436 832; x_wconf 78' lang='lat' dir='ltr'><strong>hominis,</strong></span> 
     </span>
     <span class='ocr_line' id='line_1_12' title="bbox 293 841 1172 885; baseline 0 -11"><span class='ocrx_word' id='word_1_57' title='bbox 293 841 320 876; x_wconf 90' lang='lat'><em>0</em></span> <span class='ocrx_word' id='word_1_58' title='bbox 346 842 465 885; x_wconf 76' lang='lat' dir='ltr'>contio,</span> <span class='ocrx_word' id='word_1_59' title='bbox 1002 842 1029 875; x_wconf 92' lang='lat' dir='ltr'><em>O</em></span> <span class='ocrx_word' id='word_1_60' title='bbox 1055 842 1172 880; x_wconf 66' lang='lat' dir='ltr'>contio,</span> 
     </span>
     <span class='ocr_line' id='line_1_13' title="bbox 243 891 1235 932; baseline 0.001 -10"><span class='ocrx_word' id='word_1_61' title='bbox 243 891 392 932; x_wconf 80' lang='lat' dir='ltr'>psallite,</span> <span class='ocrx_word' id='word_1_62' title='bbox 421 891 530 924; x_wconf 87' lang='lat' dir='ltr'><strong>contio</strong></span> <span class='ocrx_word' id='word_1_63' title='bbox 953 892 1101 929; x_wconf 82' lang='lat' dir='ltr'>Psanite,</span> <span class='ocrx_word' id='word_1_64' title='bbox 1128 893 1235 924; x_wconf 83' lang='lat' dir='ltr'><strong>contio</strong></span> 
     </span>
     <span class='ocr_line' id='line_1_14' title="bbox 246 939 1362 981; baseline 0.001 -9"><span class='ocrx_word' id='word_1_65' title='bbox 246 940 374 973; x_wconf 82' lang='lat' dir='ltr'>Psallat</span> <span class='ocrx_word' id='word_1_66' title='bbox 402 949 472 973; x_wconf 89' lang='lat' dir='ltr'>cum</span> <span class='ocrx_word' id='word_1_67' title='bbox 498 939 654 981; x_wconf 84' lang='lat' dir='ltr'><strong>tripudio.</strong></span> <span class='ocrx_word' id='word_1_68' title='bbox 956 941 1079 974; x_wconf 84' lang='lat' dir='ltr'>Psallat</span> <span class='ocrx_word' id='word_1_69' title='bbox 1106 949 1178 972; x_wconf 87' lang='lat' dir='ltr'>cum</span> <span class='ocrx_word' id='word_1_70' title='bbox 1205 941 1362 981; x_wconf 84' lang='lat' dir='ltr'><strong>tripudio.</strong></span> 
     </span>
    </p>
   </div>
   <div class='ocr_carea' id='block_1_4' title="bbox 253 1034 1344 1074">
    <p class='ocr_par' dir='ltr' id='par_1_4' title="bbox 253 1034 1344 1074">
     <span class='ocr_line' id='line_1_15' title="bbox 253 1034 1344 1074; baseline -0.001 -9"><span class='ocrx_word' id='word_1_71' title='bbox 253 1038 345 1074; x_wconf 88' lang='lat' dir='ltr'>Trop.</span> <span class='ocrx_word' id='word_1_72' title='bbox 362 1046 421 1065; x_wconf 77' lang='lat' dir='ltr'>ms.</span> <span class='ocrx_word' id='word_1_73' title='bbox 444 1037 642 1066; x_wconf 81' lang='lat' dir='ltr'>Martialense</span> <span class='ocrx_word' id='word_1_74' title='bbox 664 1046 741 1066; x_wconf 81' lang='lat' dir='ltr'>saec.</span> <span class='ocrx_word' id='word_1_75' title='bbox 767 1034 808 1064; x_wconf 81' lang='lat'>12.</span> <span class='ocrx_word' id='word_1_76' title='bbox 834 1034 895 1074; x_wconf 84' lang='lat'>[13.</span> <span class='ocrx_word' id='word_1_77' title='bbox 922 1035 987 1073; x_wconf 80' lang='lat'>14.1.</span> <span class='ocrx_word' id='word_1_78' title='bbox 1011 1038 1083 1065; x_wconf 83' lang='lat' dir='ltr'>Cod.</span> <span class='ocrx_word' id='word_1_79' title='bbox 1107 1038 1235 1066; x_wconf 85' lang='lat' dir='ltr'>Parisin.</span> <span class='ocrx_word' id='word_1_80' title='bbox 1261 1036 1344 1066; x_wconf 76' lang='lat'>1139.</span> 
     </span>
    </p>
   </div>
   <div class='ocr_carea' id='block_1_5' title="bbox 606 1211 1087 1244">
    <p class='ocr_par' dir='ltr' id='par_1_5' title="bbox 606 1211 1087 1244">
     <span class='ocr_line' id='line_1_16' title="bbox 606 1211 1087 1244; baseline 0.002 -2"><span class='ocrx_word' id='word_1_81' title='bbox 606 1211 648 1242; x_wconf 89' lang='lat'>15.</span> <span class='ocrx_word' id='word_1_82' title='bbox 690 1213 724 1244; x_wconf 90' lang='lat' dir='ltr'>In</span> <span class='ocrx_word' id='word_1_83' title='bbox 746 1211 927 1244; x_wconf 80' lang='lat' dir='ltr'><strong>Nativitate</strong></span> <span class='ocrx_word' id='word_1_84' title='bbox 951 1212 1087 1244; x_wconf 85' lang='lat' dir='ltr'><strong>Domini.</strong></span> 
     </span>
    </p>
   </div>
   <div class='ocr_carea' id='block_1_6' title="bbox 193 1323 1528 1563">
    <p class='ocr_par' dir='ltr' id='par_1_6' title="bbox 193 1323 1528 1563">
     <span class='ocr_line' id='line_1_17' title="bbox 193 1323 1358 1367; baseline -0.001 -9"><span class='ocrx_word' id='word_1_85' title='bbox 193 1326 224 1358; x_wconf 89' lang='lat'>1.</span> <span class='ocrx_word' id='word_1_86' title='bbox 253 1323 368 1365; x_wconf 81' lang='lat' dir='ltr'>Surge,</span> <span class='ocrx_word' id='word_1_87' title='bbox 397 1324 482 1366; x_wconf 89' lang='lat' dir='ltr'>vide,</span> <span class='ocrx_word' id='word_1_88' title='bbox 510 1333 589 1364; x_wconf 81' lang='lat' dir='ltr'>gens</span> <span class='ocrx_word' id='word_1_89' title='bbox 615 1324 744 1367; x_wconf 83' lang='lat' dir='ltr'>misera,</span> <span class='ocrx_word' id='word_1_90' title='bbox 896 1326 928 1358; x_wconf 89' lang='lat'>2.</span> <span class='ocrx_word' id='word_1_91' title='bbox 957 1324 1053 1358; x_wconf 88' lang='lat' dir='ltr'>Illum</span> <span class='ocrx_word' id='word_1_92' title='bbox 1081 1325 1176 1357; x_wconf 84' lang='lat' dir='ltr'><strong>citari</strong></span> <span class='ocrx_word' id='word_1_93' title='bbox 1204 1334 1358 1366; x_wconf 86' lang='lat' dir='ltr'>propera,</span> 
     </span>
     <span class='ocr_line' id='line_1_18' title="bbox 244 1373 1362 1416; baseline 0 -10"><span class='ocrx_word' id='word_1_94' title='bbox 244 1373 298 1406; x_wconf 84' lang='lat' dir='ltr'>De</span> <span class='ocrx_word' id='word_1_95' title='bbox 323 1373 453 1414; x_wconf 63' lang='lat' dir='ltr'>virgine</span> <span class='ocrx_word' id='word_1_96' title='bbox 471 1382 642 1414; x_wconf 77' lang='lat' dir='ltr'><em>puerpera</em></span> <span class='ocrx_word' id='word_1_97' title='bbox 956 1373 1010 1407; x_wconf 82' lang='lat' dir='ltr'>De</span> <span class='ocrx_word' id='word_1_98' title='bbox 1035 1374 1162 1416; x_wconf 70' lang='lat' dir='ltr'>viryine</span> <span class='ocrx_word' id='word_1_99' title='bbox 1184 1383 1362 1414; x_wconf 66' lang='lat' dir='ltr'>puerpera,</span> 
     </span>
     <span class='ocr_line' id='line_1_19' title="bbox 251 1421 1431 1464; baseline 0.001 -9"><span class='ocrx_word' id='word_1_100' title='bbox 251 1421 417 1455; x_wconf 75' lang='lat' dir='ltr'><strong>Christum</strong></span> <span class='ocrx_word' id='word_1_101' title='bbox 444 1426 556 1455; x_wconf 83' lang='lat' dir='ltr'><strong>uatum</strong></span> <span class='ocrx_word' id='word_1_102' title='bbox 583 1422 757 1455; x_wconf 76' lang='lat' dir='ltr'><strong>considera</strong></span> <span class='ocrx_word' id='word_1_103' title='bbox 956 1423 1058 1462; x_wconf 84' lang='lat' dir='ltr'>Quem</span> <span class='ocrx_word' id='word_1_104' title='bbox 1086 1424 1297 1464; x_wconf 74' lang='lat' dir='ltr'><strong>prophetavit</strong></span> <span class='ocrx_word' id='word_1_105' title='bbox 1324 1425 1431 1457; x_wconf 77' lang='lat' dir='ltr'>litera.</span> 
     </span>
     <span class='ocr_line' id='line_1_20' title="bbox 295 1470 1528 1506; baseline 0.001 -2"><span class='ocrx_word' id='word_1_106' title='bbox 295 1471 381 1504; x_wconf 87' lang='lat' dir='ltr'><strong>Fide</strong></span> <span class='ocrx_word' id='word_1_107' title='bbox 407 1472 475 1504; x_wconf 84' lang='lat' dir='ltr'>eius</span> <span class='ocrx_word' id='word_1_108' title='bbox 502 1470 665 1505; x_wconf 86' lang='lat' dir='ltr'>reficiens.</span> <span class='ocrx_word' id='word_1_109' title='bbox 1011 1473 1178 1505; x_wconf 83' lang='lat' dir='ltr'><strong>Praedixit</strong></span> <span class='ocrx_word' id='word_1_110' title='bbox 1217 1471 1333 1504; x_wconf 78' lang='lat' dir='ltr'>falsum</span> <span class='ocrx_word' id='word_1_111' title='bbox 1369 1474 1528 1506; x_wconf 79' lang='lat' dir='ltr'>nesciens.</span> 
     </span>
     <span class='ocr_line' id='line_1_21' title="bbox 245 1520 1358 1563; baseline 0 -9"><span class='ocrx_word' id='word_1_112' title='bbox 245 1520 296 1554; x_wconf 89' lang='lat' dir='ltr'>De</span> <span class='ocrx_word' id='word_1_113' title='bbox 323 1521 448 1562; x_wconf 79' lang='lat' dir='ltr'><strong>virgine</strong></span> <span class='ocrx_word' id='word_1_114' title='bbox 474 1529 649 1562; x_wconf 83' lang='lat' dir='ltr'>puerpera.</span> <span class='ocrx_word' id='word_1_115' title='bbox 957 1522 1007 1554; x_wconf 89' lang='lat' dir='ltr'>De</span> <span class='ocrx_word' id='word_1_116' title='bbox 1035 1521 1159 1563; x_wconf 81' lang='lat' dir='ltr'><strong>virgine</strong></span> <span class='ocrx_word' id='word_1_117' title='bbox 1186 1531 1358 1563; x_wconf 80' lang='lat' dir='ltr'>puerpera.</span> 
     </span>
    </p>
   </div>
   <div class='ocr_carea' id='block_1_7' title="bbox 583 1619 1161 1859">
    <p class='ocr_par' dir='ltr' id='par_1_7' title="bbox 583 1619 1161 1859">
     <span class='ocr_line' id='line_1_22' title="bbox 583 1619 1099 1654; baseline 0 -1"><span class='ocrx_word' id='word_1_118' title='bbox 583 1621 616 1654; x_wconf 90' lang='lat'>3.</span> <span class='ocrx_word' id='word_1_119' title='bbox 644 1620 713 1652; x_wconf 85' lang='lat' dir='ltr'>Iam</span> <span class='ocrx_word' id='word_1_120' title='bbox 741 1619 961 1652; x_wconf 84' lang='lat' dir='ltr'>excluduntur</span> <span class='ocrx_word' id='word_1_121' title='bbox 989 1625 1099 1653; x_wconf 83' lang='lat' dir='ltr'>vetera</span> 
     </span>
     <span class='ocr_line' id='line_1_23' title="bbox 642 1668 1048 1712; baseline -0.002 -10"><span class='ocrx_word' id='word_1_122' title='bbox 642 1668 694 1702; x_wconf 88' lang='lat' dir='ltr'>De</span> <span class='ocrx_word' id='word_1_123' title='bbox 721 1669 847 1711; x_wconf 65' lang='lat' dir='ltr'>virgine</span> <span class='ocrx_word' id='word_1_124' title='bbox 867 1679 1048 1712; x_wconf 71' lang='lat' dir='ltr'>puerpera,</span> 
     </span>
     <span class='ocr_line' id='line_1_24' title="bbox 645 1718 1052 1752; baseline 0.002 -2"><span class='ocrx_word' id='word_1_125' title='bbox 645 1718 717 1752; x_wconf 85' lang='lat' dir='ltr'>Tua</span> <span class='ocrx_word' id='word_1_126' title='bbox 742 1719 795 1752; x_wconf 85' lang='lat' dir='ltr'>lex</span> <span class='ocrx_word' id='word_1_127' title='bbox 823 1718 913 1751; x_wconf 89' lang='lat' dir='ltr'>velut</span> <span class='ocrx_word' id='word_1_128' title='bbox 939 1722 1052 1751; x_wconf 84' lang='lat' dir='ltr'>extera</span> 
     </span>
     <span class='ocr_line' id='line_1_25' title="bbox 695 1769 1161 1810; baseline -0.004 -8"><span class='ocrx_word' id='word_1_129' title='bbox 695 1770 796 1805; x_wconf 85' lang='lat' dir='ltr'>Iacet,</span> <span class='ocrx_word' id='word_1_130' title='bbox 828 1769 921 1810; x_wconf 82' lang='lat' dir='ltr'><strong>quasi</strong></span> <span class='ocrx_word' id='word_1_131' title='bbox 947 1769 1161 1810; x_wconf 84' lang='lat' dir='ltr'>praeteriens.</span> 
     </span>
     <span class='ocr_line' id='line_1_26' title="bbox 645 1817 1046 1859; baseline -0.002 -9"><span class='ocrx_word' id='word_1_132' title='bbox 645 1817 696 1850; x_wconf 90' lang='lat' dir='ltr'>De</span> <span class='ocrx_word' id='word_1_133' title='bbox 721 1818 846 1859; x_wconf 86' lang='lat' dir='ltr'><strong>virgine</strong></span> <span class='ocrx_word' id='word_1_134' title='bbox 873 1827 1046 1859; x_wconf 53' lang='lat' dir='ltr'>puerpera.</span> 
     </span>
    </p>
   </div>
   <div class='ocr_carea' id='block_1_8' title="bbox 166 1913 1527 2070">
    <p class='ocr_par' dir='ltr' id='par_1_8' title="bbox 166 1913 1527 2070">
     <span class='ocr_line' id='line_1_27' title="bbox 245 1913 1525 1945; baseline 0.001 -1"><span class='ocrx_word' id='word_1_135' title='bbox 245 1916 368 1944; x_wconf 82' lang='lat' dir='ltr'>Collect.</span> <span class='ocrx_word' id='word_1_136' title='bbox 392 1925 447 1944; x_wconf 85' lang='lat' dir='ltr'>ms.</span> <span class='ocrx_word' id='word_1_137' title='bbox 471 1915 597 1943; x_wconf 84' lang='lat' dir='ltr'><strong>Maioris</strong></span> <span class='ocrx_word' id='word_1_138' title='bbox 623 1915 801 1943; x_wconf 69' lang='lat' dir='ltr'>Monasterii</span> <span class='ocrx_word' id='word_1_139' title='bbox 833 1924 910 1942; x_wconf 81' lang='lat' dir='ltr'>saec.</span> <span class='ocrx_word' id='word_1_140' title='bbox 935 1913 1009 1942; x_wconf 68' lang='lat' dir='ltr'>¹⁸s1a.</span> <span class='ocrx_word' id='word_1_141' title='bbox 1033 1916 1103 1943; x_wconf 65' lang='lat' dir='ltr'>eod.</span> <span class='ocrx_word' id='word_1_142' title='bbox 1127 1916 1277 1943; x_wconf 76' lang='lat' dir='ltr'>Turonen.</span> <span class='ocrx_word' id='word_1_143' title='bbox 1301 1916 1358 1944; x_wconf 79' lang='lat'>615</span> <span class='ocrx_word' id='word_1_144' title='bbox 1378 1915 1466 1945; x_wconf 67' lang='lat'>⁴927.</span> <span class='ocrx_word' id='word_1_145' title='bbox 1489 1933 1525 1937; x_wconf 88' lang='lat'><strong>—</strong></span> 
     </span>
     <span class='ocr_line' id='line_1_28' title="bbox 168 1953 1526 1989; baseline 0.001 -6"><span class='ocrx_word' id='word_1_146' title='bbox 168 1954 193 1989; x_wconf 89' lang='grc'>1,</span> <span class='ocrx_word' id='word_1_147' title='bbox 214 1954 234 1983; x_wconf 88' lang='grc'><strong>4</strong></span> <span class='ocrx_word' id='word_1_148' title='bbox 262 1955 346 1984; x_wconf 78' lang='lat' dir='ltr'>fehlt.</span> <span class='ocrx_word' id='word_1_149' title='bbox 370 1970 405 1974; x_wconf 87' lang='lat'><em>—</em></span> <span class='ocrx_word' id='word_1_150' title='bbox 435 1954 462 1989; x_wconf 84' lang='grc'>2,</span> <span class='ocrx_word' id='word_1_151' title='bbox 484 1953 503 1982; x_wconf 85' lang='grc'><strong>4</strong></span> <span class='ocrx_word' id='word_1_152' title='bbox 529 1957 661 1983; x_wconf 80' lang='lat' dir='ltr'>necieus.</span> <span class='ocrx_word' id='word_1_153' title='bbox 694 1969 731 1974; x_wconf 87' lang='lat'>—-</span> <span class='ocrx_word' id='word_1_154' title='bbox 761 1955 823 1983; x_wconf 83' lang='lat' dir='ltr'>Aus</span> <span class='ocrx_word' id='word_1_155' title='bbox 852 1954 1010 1983; x_wconf 78' lang='lat' dir='ltr'>derselben</span> <span class='ocrx_word' id='word_1_156' title='bbox 1042 1955 1238 1983; x_wconf 72' lang='lat' dir='ltr'>liandschrift</span> <span class='ocrx_word' id='word_1_157' title='bbox 1267 1956 1314 1984; x_wconf 75' lang='lat' dir='ltr'>hei</span> <span class='ocrx_word' id='word_1_158' title='bbox 1345 1956 1526 1989; x_wconf 54' lang='lat' dir='ltr'>Luzarehm,</span> 
     </span>
     <span class='ocr_line' id='line_1_29' title="bbox 166 1993 1527 2033; baseline 0 -9"><span class='ocrx_word' id='word_1_159' title='bbox 166 1995 260 2024; x_wconf 82' lang='lat' dir='ltr'>Office</span> <span class='ocrx_word' id='word_1_160' title='bbox 288 1996 325 2024; x_wconf 89' lang='lat' dir='ltr'>de</span> <span class='ocrx_word' id='word_1_161' title='bbox 347 1995 483 2032; x_wconf 62' lang='lat' dir='ltr'>Piques,</span> <span class='ocrx_word' id='word_1_162' title='bbox 513 2004 539 2031; x_wconf 82' lang='lat' dir='ltr'>p.</span> <span class='ocrx_word' id='word_1_163' title='bbox 561 1994 599 2023; x_wconf 83' lang='lat'>45</span> <span class='ocrx_word' id='word_1_164' title='bbox 628 1996 684 2022; x_wconf 82' lang='lat' dir='ltr'>mit</span> <span class='ocrx_word' id='word_1_165' title='bbox 711 1994 871 2031; x_wconf 86' lang='lat' dir='ltr'>folgenden</span> <span class='ocrx_word' id='word_1_166' title='bbox 893 1995 1037 2023; x_wconf 81' lang='lat' dir='ltr'>Fehlern:</span> <span class='ocrx_word' id='word_1_167' title='bbox 1061 1994 1086 2026; x_wconf 79' lang='lat'>2,</span> <span class='ocrx_word' id='word_1_168' title='bbox 1113 1993 1124 2021; x_wconf 93' lang='lat' dir='ltr'>l</span> <span class='ocrx_word' id='word_1_169' title='bbox 1150 1996 1236 2023; x_wconf 82' lang='lat' dir='ltr'><strong>citari</strong></span> <span class='ocrx_word' id='word_1_170' title='bbox 1266 1996 1467 2033; x_wconf 82' lang='lat' dir='ltr'>propheta.</span> <span class='ocrx_word' id='word_1_171' title='bbox 1490 2012 1527 2014; x_wconf 82' lang='lat'>—</span> 
     </span>
     <span class='ocr_line' id='line_1_30' title="bbox 167 2032 1003 2070; baseline -0.004 -6"><span class='ocrx_word' id='word_1_172' title='bbox 167 2033 195 2069; x_wconf 87' lang='lat'>2,</span> <span class='ocrx_word' id='word_1_173' title='bbox 218 2032 236 2064; x_wconf 82' lang='grc'><strong>2</strong></span> <span class='ocrx_word' id='word_1_174' title='bbox 257 2035 340 2064; x_wconf 82' lang='lat' dir='ltr'>fehlt.</span> <span class='ocrx_word' id='word_1_175' title='bbox 363 2052 399 2055; x_wconf 97' lang='lat'><strong>—</strong></span> <span class='ocrx_word' id='word_1_176' title='bbox 422 2033 449 2070; x_wconf 81' lang='grc'>2,</span> <span class='ocrx_word' id='word_1_177' title='bbox 472 2033 491 2062; x_wconf 85' lang='grc'>4</span> <span class='ocrx_word' id='word_1_178' title='bbox 514 2034 669 2063; x_wconf 73' lang='lat' dir='ltr'><strong>Praedhtit</strong></span> <span class='ocrx_word' id='word_1_179' title='bbox 690 2034 832 2063; x_wconf 82' lang='lat' dir='ltr'>falturum</span> <span class='ocrx_word' id='word_1_180' title='bbox 856 2036 1003 2063; x_wconf 84' lang='lat' dir='ltr'>nesciens.</span> 
     </span>
    </p>
   </div>
   <div class='ocr_carea' id='block_1_9' title="bbox 604 2170 1087 2203">
    <p class='ocr_par' dir='ltr' id='par_1_9' title="bbox 604 2170 1087 2203">
     <span class='ocr_line' id='line_1_31' title="bbox 604 2170 1087 2203; baseline 0 -1"><span class='ocrx_word' id='word_1_181' title='bbox 604 2171 646 2202; x_wconf 86' lang='lat'>16.</span> <span class='ocrx_word' id='word_1_182' title='bbox 693 2171 726 2203; x_wconf 91' lang='lat' dir='ltr'>ln</span> <span class='ocrx_word' id='word_1_183' title='bbox 749 2170 929 2203; x_wconf 78' lang='lat' dir='ltr'><strong>Nativitato</strong></span> <span class='ocrx_word' id='word_1_184' title='bbox 953 2171 1087 2203; x_wconf 83' lang='lat' dir='ltr'><strong>Domini.</strong></span> 
     </span>
    </p>
   </div>
   <div class='ocr_carea' id='block_1_10' title="bbox 181 2284 1332 2522">
    <p class='ocr_par' dir='ltr' id='par_1_10' title="bbox 181 2284 1332 2424">
     <span class='ocr_line' id='line_1_32' title="bbox 181 2284 1241 2325; baseline -0.002 -6"><span class='ocrx_word' id='word_1_185' title='bbox 181 2285 213 2319; x_wconf 90' lang='lat'>1.</span> <span class='ocrx_word' id='word_1_186' title='bbox 241 2285 280 2317; x_wconf 93' lang='lat' dir='ltr'>In</span> <span class='ocrx_word' id='word_1_187' title='bbox 306 2284 422 2318; x_wconf 83' lang='lat' dir='ltr'>laudes</span> <span class='ocrx_word' id='word_1_188' title='bbox 450 2284 589 2325; x_wconf 83' lang='lat' dir='ltr'>debitas,</span> <span class='ocrx_word' id='word_1_189' title='bbox 892 2285 924 2317; x_wconf 85' lang='lat'>2.</span> <span class='ocrx_word' id='word_1_190' title='bbox 955 2284 1075 2317; x_wconf 81' lang='lat' dir='ltr'><strong>Divina</strong></span> <span class='ocrx_word' id='word_1_191' title='bbox 1102 2285 1241 2325; x_wconf 80' lang='lat' dir='ltr'><strong>bonitas,</strong></span> 
     </span>
     <span class='ocr_line' id='line_1_33' title="bbox 240 2333 1288 2376; baseline 0 -10"><span class='ocrx_word' id='word_1_192' title='bbox 240 2333 364 2366; x_wconf 80' lang='lat' dir='ltr'>Manet</span> <span class='ocrx_word' id='word_1_193' title='bbox 389 2334 579 2376; x_wconf 77' lang='lat' dir='ltr'>viryinitas‚</span> <span class='ocrx_word' id='word_1_194' title='bbox 954 2333 1074 2366; x_wconf 75' lang='lat' dir='ltr'>Manet</span> <span class='ocrx_word' id='word_1_195' title='bbox 1101 2334 1288 2375; x_wconf 71' lang='lat' dir='ltr'>viryimtas,</span> 
     </span>
     <span class='ocr_line' id='line_1_34' title="bbox 241 2383 1332 2424; baseline 0 -9"><span class='ocrx_word' id='word_1_196' title='bbox 241 2383 441 2424; x_wconf 80' lang='lat' dir='ltr'><strong>Prorumpat</strong></span> <span class='ocrx_word' id='word_1_197' title='bbox 467 2383 585 2416; x_wconf 82' lang='lat' dir='ltr'><strong>civitas</strong></span> <span class='ocrx_word' id='word_1_198' title='bbox 954 2383 1019 2415; x_wconf 88' lang='lat' dir='ltr'>Res</span> <span class='ocrx_word' id='word_1_199' title='bbox 1046 2387 1157 2415; x_wconf 84' lang='lat' dir='ltr'>servat</span> <span class='ocrx_word' id='word_1_200' title='bbox 1184 2383 1332 2424; x_wconf 85' lang='lat' dir='ltr'><strong>perditas</strong></span> 
     </span>
    </p>

    <p class='ocr_par' dir='ltr' id='par_1_11' title="bbox 241 2432 1265 2522">
     <span class='ocr_line' id='line_1_35' title="bbox 290 2432 1260 2477; baseline -0.002 -11"><span class='ocrx_word' id='word_1_201' title='bbox 290 2432 405 2466; x_wconf 80' lang='lat' dir='ltr'><strong>Omnis</strong></span> <span class='ocrx_word' id='word_1_202' title='bbox 429 2436 464 2465; x_wconf 76' lang='lat' dir='ltr'>et</span> <span class='ocrx_word' id='word_1_203' title='bbox 489 2433 592 2477; x_wconf 84' lang='lat' dir='ltr'>regio,</span> <span class='ocrx_word' id='word_1_204' title='bbox 1003 2432 1087 2464; x_wconf 66' lang='lat' dir='ltr'><strong>Atto</strong></span> <span class='ocrx_word' id='word_1_205' title='bbox 1113 2433 1260 2472; x_wconf 78' lang='lat' dir='ltr'><strong>consilio,</strong></span> 
     </span>
     <span class='ocr_line' id='line_1_36' title="bbox 241 2480 1265 2522; baseline -0.002 -8"><span class='ocrx_word' id='word_1_206' title='bbox 241 2481 358 2515; x_wconf 84' lang='lat' dir='ltr'>Manet</span> <span class='ocrx_word' id='word_1_207' title='bbox 382 2481 554 2522; x_wconf 81' lang='lat' dir='ltr'><strong>virginitas</strong></span> <span class='ocrx_word' id='word_1_208' title='bbox 953 2480 1068 2514; x_wconf 83' lang='lat' dir='ltr'><strong>Manet</strong></span> <span class='ocrx_word' id='word_1_209' title='bbox 1094 2481 1265 2522; x_wconf 86' lang='lat' dir='ltr'><strong>virginitas</strong></span> 
     </span>
    </p>
   </div>
   <div class='ocr_carea' id='block_1_11' title="bbox 292 2530 1258 2573">
    <p class='ocr_par' dir='ltr' id='par_1_12' title="bbox 292 2530 1258 2573">
     <span class='ocr_line' id='line_1_37' title="bbox 292 2530 1258 2573; baseline -0.002 -9"><span class='ocrx_word' id='word_1_210' title='bbox 292 2531 329 2564; x_wconf 92' lang='lat' dir='ltr'>In</span> <span class='ocrx_word' id='word_1_211' title='bbox 356 2531 544 2573; x_wconf 83' lang='lat' dir='ltr'>puerperio.</span> <span class='ocrx_word' id='word_1_212' title='bbox 1004 2530 1042 2562; x_wconf 89' lang='lat' dir='ltr'>In</span> <span class='ocrx_word' id='word_1_213' title='bbox 1072 2531 1258 2572; x_wconf 85' lang='lat' dir='ltr'>puerperio.</span> 
     </span>
    </p>
   </div>
  </div>
 </body>
</html>
