1650 2727
116 251 149 285 2.
177 251 204 284 Ο
231 251 386 283 virtutum
414 251 550 291 rosaria,

174 300 200 334 Ο
227 299 298 332 lilia
323 298 503 341 fragrantia

227 348 417 381 Sanctitatis
443 349 562 381 odore!

174 398 199 431 Ο
227 397 315 430 clara
341 397 523 436 luminaria,

182 447 246 478 Vos
273 446 383 478 sidera
407 446 561 479 micantia

204 495 358 527 Veritatis
383 495 576 536 splendore!

106 543 143 577 V.
178 544 279 585 Opem
307 543 400 576 nobis
427 544 616 584 impendite,

179 593 307 625 Mentes
334 597 461 624 nostras
488 592 657 624 accendite

230 641 385 674 Caritatis
411 641 540 673 ardore.

121 729 154 762 3.
182 730 218 761 In
247 728 395 768 circuitu,
423 727 571 768 Domine,

232 776 300 808 Tuo
327 776 381 808 lux
408 785 569 817 nunquam
598 775 718 816 deficit,

184 824 249 859 Ubi
274 825 382 857 lumen
411 825 449 856 de
475 825 607 864 lumine,

231 874 390 914 Christus,
420 874 540 906 electos
568 871 683 912 reficit,

182 922 231 955 Ibi
257 926 443 954 sanctorum
469 922 606 958 animae,

233 972 317 1010 Quas
349 974 479 1002 sanctus
506 970 605 1002 ardor
631 968 752 1007 afficit3

113 1016 156 1053 V.
189 1020 213 1052 Ο
241 1028 337 1058 quam
364 1018 444 1050 felix
470 1018 655 1050 iucunditas

234 1067 293 1099 Est
320 1066 352 1097 in
380 1072 470 1098 tanta
498 1066 671 1099 dulcedine

187 1116 229 1148 Et
256 1125 351 1155 quam
379 1116 460 1147 mim
486 1116 630 1147 suavitas

234 1165 378 1196 Aeterno
406 1163 469 1195 frui
499 1164 647 1196 numine!

278 1320 322 1351 In
348 1318 579 1351 Laudibus.
612 1307 616 1310 ³

336 1395 535 1432 Antiphonae.

131 1488 160 1518 1.
189 1484 312 1518 Cinctis
338 1484 456 1516 lumbis
483 1485 691 1524 deportemus

237 1533 404 1565 Lucernas
431 1533 463 1564 in
490 1532 650 1573 manibus,

188 1583 232 1615 Ut
259 1582 305 1613 sic
332 1581 445 1613 laudes
472 1586 714 1621 praesentemus

239 1629 368 1662 Sanctis
395 1628 645 1662 confessoribus.

128 1719 162 1750 2.
190 1716 337 1750 Creatori
363 1716 538 1748 iubilantes

241 1765 318 1798 Cum
346 1765 455 1797 cordis
482 1765 606 1797 laetitia

193 1815 378 1847 Glorientur
404 1815 604 1846 exsultantes

243 1863 321 1896 Cum
349 1862 470 1894 sanctis
497 1864 528 1895 in
557 1862 675 1903 patria.

742 151 811 188 174
860 171 908 178 -—

820 253 852 286 3.
881 252 1063 293 vigilantes
1090 251 1143 284 hic
1169 251 1210 284 de
1231 250 1304 283 luce

928 301 1006 333 Post
1030 300 1144 333 mundi
1169 299 1298 340 vigilias

880 349 1103 384 Perducamur
1129 348 1260 381 Christo
1287 348 1370 380 duce

928 399 982 430 Ad
1008 403 1195 430 sanctorum
1223 396 1367 437 nuptias.

845 501 853 508 .
883 476 1077 509 Sacerdotes
1105 471 1301 518 [praelecti],

934 524 1066 557 Summo
1092 523 1289 565 benedicite,

880 573 935 606 Ad
961 581 1102 614 superna
1128 572 1190 604 iam
1219 571 1366 612 provecti

934 622 1004 654 Nos
1028 621 1109 653 illuc
1133 620 1299 654 ascribite.

848 726 855 733 .
883 699 1012 733 Laudes
1041 699 1154 731 demus
1181 698 1354 737 altissimo,

882 748 1026 780 Fervore
1053 747 1161 780 cordis
1187 747 1301 779 intimo

932 797 1133 836 Regnantem
1159 795 1427 837 contemplemur,

886 846 931 880 Ut¹
957 848 1032 885 post
1057 853 1213 884 praesens
1239 843 1389 876 exsilium

882 894 946 926 Per
971 898 1156 925 sanctorum
1183 892 1369 933 suffragium

934 941 1013 974 Cum
1039 941 1119 981 ipsis
1146 949 1349 974 coronemur.

1004 1027 1049 1055 Ad
1070 1026 1261 1055 Benedictus.

850 1113 857 1120 .
892 1085 1102 1121 Confessores

937 1134 1058 1167 excelsi
1086 1134 1205 1174 meriti,

889 1185 1039 1216 Vestram
1064 1183 1157 1216 nobis

937 1241 1030 1272 opem
1058 1232 1234 1272 porrigite;

890 1282 1004 1314 Patres
1031 1281 1146 1321 sancti,

939 1334 1088 1369 pastores
1115 1329 1230 1367 incliti,

888 1379 956 1410 Nos
982 1378 1015 1410 in
1043 1379 1127 1410 viam

939 1427 1030 1467 pacis
1059 1426 1202 1466 dirigite.

1014 1511 1058 1540 Ad
1081 1511 1262 1548 Magnificat.

852 1600 859 1606 .
892 1572 951 1613 Tu,
973 1571 1113 1609 Christe.
1133 1576 1279 1603 nostrum
1293 1569 1461 1613 gaudium.

941 1620 1068 1652 Adesto
1094 1620 1214 1651 nostris
1240 1618 1406 1660 precibus,

940 1669 1000 1708 Qui
1028 1677 1099 1700 cum
1122 1673 1306 1700 sanctorum
1332 1667 1464 1700 milibus

890 1717 1032 1749 Veniens
1058 1717 1101 1749 ad
1128 1717 1272 1749 iudicum

940 1765 1128 1806 Apparebis
1154 1766 1186 1798 in
1215 1765 1367 1805 nubibus,

943 1814 994 1846 Da
1019 1820 1205 1848 sanctorum
1231 1814 1411 1847 cultoribus

895 1863 974 1896 Cum
1003 1864 1132 1896 Sanctis
1160 1864 1245 1896 vitae
1272 1863 1464 1904 praemium.

196 1951 284 1977 Brev.
309 1949 534 1977 silvanectense
556 1950 626 1985 imp.
642 1950 766 1977 Parisiis
784 1947 866 1977 1521.
883 1965 919 1968 —
934 1950 977 1977 ln
997 1949 1021 1977 l.
1037 1950 1146 1986 Vesp.
1168 1949 1194 1978 A
1215 1947 1241 1982 4,
1257 1948 1276 1978 3
1297 1949 1467 1985 Gerbaudi;

117 1990 197 2017 dann
221 1986 331 2016 miisste
354 1989 429 2015 auch
454 1989 526 2015 ibid.
547 1987 565 2015 6
587 1987 768 2016 frambaudi
789 1989 985 2025 gesehrieben
1007 1988 1132 2016 werden.
1155 2005 1191 2008 —
1214 1989 1259 2016 Ad
1275 1990 1375 2026 Magn.
1397 1990 1432 2021 A,
1450 1987 1468 2016 2

117 2029 190 2056 Nos,
213 2042 247 2047 ——
270 2029 309 2054 In
330 2025 357 2053 2.
379 2027 475 2054 Noct
497 2029 519 2054 Α
537 2025 563 2060 3.
586 2028 604 2055 3
625 2028 661 2056 In
682 2031 742 2055 tua.
758 2027 839 2057 —B
860 2026 887 2060 2,
902 2027 921 2055 2
942 2028 1078 2056 Fet-ebat.
1094 2042 1130 2047 —
1145 2026 1175 2056 R
1196 2026 1255 2062 2‚7
1277 2029 1416 2057 vacabta.
1432 2043 1467 2047 —

116 2069 157 2095 In
180 2066 206 2093 2³1.
230 2067 333 2095 Noct.
356 2064 383 2093 R
406 2065 432 2099 3,
452 2065 464 2093 1
488 2076 531 2103 sq.
554 2070 604 2094 tuo
620 2067 750 2094 Domino
772 2067 832 2094 lux.
855 2083 891 2087 —-
907 2067 1092 2104 Zugehfirige
1108 2065 1261 2103 Hymnen:
1283 2068 1317 2095 In
1335 2067 1359 2095 1.
1377 2069 1466 2104 Vesp.

117 2117 144 2143 p.
168 2110 197 2133 et
218 2106 290 2133 Mat.
314 2105 543 2133 Sanctorum
572 2107 683 2133 nobis
711 2107 880 2142 meritis;
908 2108 939 2134 in
960 2105 1131 2134 Laudibus:
1160 2107 1281 2134 Voces
1303 2108 1467 2136 attollat

117 2146 288 2182 populus.

566 2251 605 2281 71.
648 2249 690 2281 De
712 2252 827 2282 sancta
847 2249 1020 2292 Reparata.

248 2342 311 2374 Ad
346 2340 625 2384 Magnificat.

118 2443 159 2476 A.
192 2441 218 2474 Ο
245 2439 341 2473 beata
366 2439 542 2480 Reparuta‚

241 2489 332 2531 virgo
358 2489 625 2530 prudentissima,

886 2343 975 2383 Quae
986 2352 1056 2375 cum
1068 2343 1199 2377 Christo
1209 2344 1360 2377 thronum
1371 2348 1463 2379 tenes

942 2392 974 2423 in
1002 2392 1136 2425 caelesti
1163 2394 1263 2434 curia,

886 2441 1095 2474 Famulorum
1120 2443 1362 2484 supplicantum

943 2491 1077 2523 attende
1102 2492 1305 2535 precamina,
