1650 2727
669 160 934 197 —141—

226 258 359 292 Laudes
383 257 456 291 Deo
482 256 658 292 referendo

277 311 310 340 et
334 310 448 340 sancto
474 307 665 348 Laurentio,

226 356 288 396 Qui
323 355 408 388 hanc
441 355 524 396 regit
559 361 592 388 et
615 356 777 397 gubernat

272 413 331 437 suo
356 405 552 446 patrocinio.

322 501 369 529 Ad
391 500 576 537 Magnificat.

145 568 192 606 A.
220 571 352 611 Mar-tyr
378 571 490 603 volens
516 571 650 603 adorari

221 620 265 653 Et
293 619 422 661 Sipouti
447 620 598 652 venerari

272 669 457 710 Stephanus
483 667 659 701 immobilis

225 719 326 751 Portu
351 718 453 760 stetit,
481 722 556 750 voto
583 717 711 759 quaerit

270 767 410 800 Domum
439 767 488 799 sui
516 766 672 806 nominis;

216 816 286 856 Qua
322 816 482 857 promissa
516 820 565 848 est
601 824 772 850 concesssa

268 866 402 898 Cunctis
432 865 485 897 via
512 864 630 907 facilis,

218 914 263 948 Et
288 914 444 955 reliquias
469 918 640 954 portantes

222 963 352 996 Intrant
379 964 504 1004 urbem,
533 963 704 995 visitantes

271 1012 409 1044 Domum
437 1021 582 1044 summae
610 1012 757 1053 virginis.

256 1129 320 1162 Ad
354 1129 632 1162 Matutinum.

328 1197 549 1225 Invitatorium.

218 1277 405 1310 Adoremus
433 1286 540 1316 regem
569 1285 719 1317 magnum

271 1324 492 1359 confessorum
520 1326 672 1369 omnium,

219 1375 280 1416 Qui
308 1380 472 1415 pastorem
500 1374 594 1407 nobis
621 1374 713 1408 dedit

269 1423 398 1456 beatum
426 1424 649 1458 Laurentium.

259 1543 306 1575 In
335 1544 366 1577 1.
393 1542 632 1576 Nocturno.

345 1610 547 1647 Antiphonae.

160 1691 193 1725 1.
221 1690 310 1726 Urbs
334 1690 432 1724 beata
458 1689 663 1724 Constantini

269 1741 381 1782 genuit
407 1739 632 1780 Laurentium,

221 1789 387 1823 Educavit
413 1794 446 1820 et
471 1789 627 1822 instruxit

275 1839 434 1872 adiuvans
461 1838 646 1880 imperium,

225 1889 326 1930 Quem
355 1889 489 1920 donavit
516 1887 698 1928 Sipontinis
730 1910 732 1913 -

272 1939 316 1971 ad
342 1939 481 1970 salutem
507 1938 661 1970 omnium.

157 2027 191 2062 2.
221 2026 308 2062 Urbs
334 2027 469 2068 antiqua
496 2026 681 2068 Sipontina,

269 2076 412 2118 gaudeas
437 2077 471 2109 in
497 2075 649 2119 Domino,

220 2126 283 2167 Qui
307 2130 341 2159 te
366 2126 451 2159 tanti
476 2125 675 2158 confessoris

264 2175 369 2208 munit
396 2175 593 2217 patrocinio,

217 2225 321 2259 Terra
348 2225 432 2267 regit
460 2228 493 2258 et
518 2224 679 2267 gubernat

266 2284 307 2308 ac
333 2274 432 2308 maris
459 2274 599 2316 navigio.

156 2367 192 2401 3.
217 2363 433 2399 Consecravit
456 2364 545 2396 huno
570 2362 705 2396 beatum

262 2412 413 2456 pontifex
442 2413 608 2454 Gelasius,

213 2464 296 2498 Eius
323 2472 461 2506 magnae
484 2461 671 2496 sanctitatis

260 2517 295 2546 et
319 2513 454 2548 virtutis
480 2512 644 2553 (naseins,

911 259 1044 300 Rogans
1073 258 1182 291 verbis
1209 263 1241 291 et
1268 259 1430 303 exemplo,

961 311 997 340 ut
1023 311 1156 348 putetur
1182 309 1301 341 socius.

1054 404 1269 440 Responsoria.

849 473 882 506 1.
911 473 1000 506 Urbs
1026 473 1149 505 laetare
1177 473 1359 515 Sipontina,

831 763 875 800 V.

957 522 1099 563 gaudeat
1126 522 1330 561 Byzantium,

910 570 993 603 Nam
1024 580 1086 612 quo
1114 574 1208 613 patre
1232 581 1290 602 nos
1310 571 1483 611 laetamur,

959 620 1050 652 dedit
1077 620 1135 652 illa
1160 619 1261 651 filium

907 669 962 702 Ad
988 668 1142 701 honorem
1170 670 1218 701 tui
1245 669 1325 700 cleri

956 723 988 750 et
1012 719 1150 750 salutem
1179 718 1308 751 civium.

903 766 1035 800 Laudes
1062 766 1132 799 Deo
1159 766 1295 806 referas,

906 815 1079 857 Sipontina
1106 816 1234 855 civitas,

906 866 967 906 Qui
994 870 1166 906 patronum
1195 865 1254 897 tibi
1284 865 1375 898 dedit

957 912 1116 959 [beatum]
1146 915 1370 948 Laurentium.

869 1028 877 1036 .
906 1002 949 1035 Ut
976 1007 1024 1035 est
1052 1002 1137 1035 facta
1165 1003 1346 1043 Sipontinis

957 1053 1056 1092 digna
1082 1051 1270 1091 postulatio,

903 1101 947 1134 Et
974 1101 1114 1133 Zenonis
1142 1101 1307 1133 celebrata

955 1150 1080 1182 exstitit
1108 1149 1285 1190 concessio,

903 1199 957 1232 Ad
982 1209 1039 1232 nos
1067 1203 1161 1240 pater
1187 1199 1377 1231 adventavit

954 1248 1052 1280 celeri
1081 1249 1219 1290 navigiO.

866 1323 874 1331 .
901 1296 966 1330 Hie
993 1298 1149 1337 martyris
1176 1297 1336 1336 Stephani

955 1347 1170 1378 communitus
1200 1346 1333 1378 brachio

904 1395 950 1428 Et
976 1395 1140 1427 mamillae
1166 1395 1318 1436 Agathae

955 1444 1096 1477 Caelesti
1123 1444 1282 1478 subsidio.

870 1558 878 1566 .
906 1533 1083 1574 Postquam
1100 1536 1231 1564 sanctus
1245 1535 1375 1572 portum
1388 1532 1475 1573 cepit

955 1591 1025 1614 cum
1053 1582 1176 1614 sanctis
1205 1581 1363 1622 reliquiis,

905 1631 1019 1664 Donec
1047 1636 1154 1664 votum
1183 1631 1314 1671 praesul
1344 1630 1448 1672 dedit,

953 1690 1029 1713 mox
1056 1681 1145 1713 stetit
1169 1679 1357 1719 immobilis,

905 1730 999 1771 Quod
1028 1730 1181 1762 celeriter
1209 1729 1366 1762 formarat

956 1780 1109 1820 templum
1138 1779 1401 1821 protomartyris.

901 1828 990 1861 Hine
1015 1829 1153 1861 intravit
1180 1828 1345 1860 civitatem

955 1878 1093 1910 tendens
1120 1879 1162 1911 ad
1189 1878 1361 1910 ecclesiam

905 1927 1026 1961 Matris
1052 1928 1156 1959 nostri
1183 1927 1370 1966 salvatoris,

953 1977 1084 2018 dignam
1113 1982 1228 2018 petens
1255 1977 1393 2009 veniam.

966 2105 1010 2138 In
1040 2107 1071 2139 2.
1102 2105 1341 2138 Nocturno.

1062 2184 1264 2221 Antiphonae.

871 2289 880 2297 .
908 2264 1005 2298 Hunc
1032 2265 1178 2305 suscepit
1205 2268 1433 2297 consecratum

955 2313 1146 2355 Sipontiuus
1172 2313 1314 2355 populus

904 2363 1037 2396 Laudes
1064 2364 1135 2396 Deo
1161 2362 1338 2396 referendo

954 2412 1046 2453 quasi
1073 2421 1206 2455 gemens
1233 2411 1381 2445 servulus

903 2461 950 2495 Et
975 2461 1101 2503 pastori
1128 2461 1294 2494 obviando

953 2511 1046 2544 velut
1071 2511 1160 2553 patri
1185 2510 1284 2545 filius
