1650 2727
661 148 902 183 -39-

141 247 175 280 3.
201 246 348 279 Functus
374 245 482 286 gradu
508 246 706 288 authentico,

204 293 303 326 Vultu
328 293 436 326 nitens
461 295 611 334 angelico

252 342 288 374 In
317 346 408 374 veste
434 343 604 383 pastorali,

203 391 323 432 Spreto
348 400 453 431 pravo
481 393 645 424 consortio

204 441 289 474 Oves
316 440 450 472 redimit
477 440 543 473 otio

255 489 368 522 Cultro
395 488 589 530 pontificali.

140 539 179 571 V.
206 538 383 571 Mulierum
410 540 601 571 munuscula

205 587 304 628 Fugit
330 591 363 618 et
389 588 458 620 eius
484 589 597 620 oscula

250 636 318 669 Pro
342 636 411 668 vita
437 636 602 678 virginali.

143 738 175 768 4.
206 733 320 766 Cibum
347 732 440 766 flexis
467 735 666 775 proplitibus

203 783 343 815 Assidue
370 783 571 824 pauperihus

253 831 325 864 Non
355 837 461 865 cessat
488 833 685 866 ministrare.

201 880 320 921 sicque
349 882 517 922 praelatus
544 882 641 914 altius

202 930 405 962 Humilitatis
432 931 560 963 actibus

251 979 340 1012 Nitet
368 980 400 1011 in
428 980 633 1020 praedicare,

132 1028 175 1062 Y.
202 1029 304 1068 Quam
331 1029 447 1061 summi
478 1029 582 1070 patris
608 1028 693 1061 filius

205 1077 360 1117 Peroptat
388 1078 446 1110 sed
473 1079 506 1110 in
534 1078 650 1110 melius

249 1127 316 1159 Pro
344 1127 469 1159 cunctis
494 1127 656 1159 laborare.

235 1274 279 1305 In
312 1275 344 1307 3.
381 1274 618 1306 NocturnO.

319 1350 365 1378 Ad
387 1352 522 1378 Cantica.

127 1441 168 1474 A.
197 1439 318 1472 vernat
345 1440 378 1472 in
406 1441 585 1480 miraculis,

244 1489 329 1522 Dum
357 1494 442 1521 esset
470 1491 586 1529 viator,

197 1537 292 1571 Nunc
318 1538 491 1579 profundit
517 1539 653 1580 singulis

245 1587 370 1620 Sistens
398 1588 647 1628 contemplator.

313 1695 526 1731 Responsoria.

137 1764 170 1797 1.
198 1764 278 1797 Cum
305 1764 471 1797 sinistram
501 1766 727 1806 purrissimam

243 1813 367 1846 Mulier
393 1814 569 1856 osculatur,

194 1863 325 1896 Extuuc
342 1872 403 1904 per
421 1873 538 1896 noxam
562 1863 743 1897 flammeam

242 1912 354 1946 Sancti
381 1922 473 1945 mens
500 1913 666 1957 titillatur,

194 1961 289 2003 Capit
309 1971 381 1995 cum
402 1963 521 1996 dextra
539 1964 741 2004 rompheam,

243 2012 388 2046 Sinistra
413 2016 593 2046 resecatur.

126 2061 164 2095 V.
192 2061 327 2094 Manum
354 2061 444 2094 illam
472 2062 647 2095 obnoxiam

192 2110 257 2144 Per
284 2120 395 2144 vocem
424 2112 647 2154 evangelicam

239 2160 354 2204 Tollit,
381 2161 458 2194 dum
486 2161 688 2195 stimulatur.

128 2259 161 2292 2.
190 2258 276 2292 Dum
307 2260 520 2304 sanctusdiic
546 2265 582 2292 ut
608 2260 742 2292 mutilus

237 2309 345 2342 Desiit
373 2308 553 2352 celebrare,

186 2358 359 2392 Insolitum
386 2358 448 2392 hoc
474 2359 616 2402 populus

237 2407 401 2449 Coeperat
427 2409 614 2447 mussitare,

187 2457 253 2492 Sed
281 2457 389 2491 latens
416 2457 534 2491 mentis
560 2457 701 2499 gemitus

236 2507 387 2540 Favebat
412 2507 572 2548 revelare,

846 247 883 279 V.
913 245 992 278 Cum
1019 254 1149 278 manum
1177 247 1300 286 nigram
1327 245 1461 286 angelus

912 293 1036 326 Ferens
1063 294 1180 326 missus
1208 295 1344 326 caelitus

961 342 1054 375 Iubet
1082 342 1283 376 sacrificare.

850 432 879 464 3.
909 430 1018 462 Draco
1045 430 1102 461 ille
1129 429 1328 467 teterrimus,

960 479 1021 519 Qui
1049 479 1136 511 virus
1162 478 1302 510 fundens
1327 478 1442 510 noxius

1007 528 1140 560 Omnem
1178 527 1260 559 lianc
1295 528 1457 566 regionem

911 576 1067 609 vastabat
1097 576 1186 608 ferus
1212 577 1384 617 pessimus.

959 625 1058 658 Flatu
1085 635 1206 657 necans
1234 624 1423 664 pestiferus.

1008 675 1148 707 Vomens
1177 675 1413 714 contagionem.

843 724 880 757 V.
909 724 1005 756 Hunc
1033 730 1163 756 sanctus
1193 723 1424 755 celeberrimus

958 773 1062 813 Fugat
1092 774 1220 813 pulsum
1250 773 1406 804 remotius

1010 822 1073 854 Per
1099 823 1199 854 solnm
1228 821 1414 853 iussionem.

848 914 879 945 4.
909 912 1014 943 Atrox
1043 910 1137 943 fumis
1165 909 1274 942 inedia

958 960 1169 992 Exinanitum
1197 959 1352 999 populum

1007 1010 1208 1041 Consumens
1236 1007 1430 1048 perimebat.

910 1058 1023 1089 Victus
1050 1059 1154 1089 onmis
1182 1057 1293 1096 inopia

959 1108 1056 1139 Panis
1083 1107 1201 1138 tollens
1229 1107 1371 1138 edulium

1008 1156 1138 1188 Pariter
1166 1155 1348 1195 defluebat3

836 1206 878 1239 V.
908 1207 1018 1239 Motus
1046 1205 1271 1236 misericordia

907 1254 970 1287 Pro
997 1254 1103 1294 plebis
1131 1254 1285 1285 alimonia

1006 1304 1129 1336 Cuncta
1159 1301 1389 1335 distribuebat.

984 1443 1029 1474 In
1066 1440 1306 1474 Laudibus.

1031 1508 1234 1544 Antiplmnao.

847 1589 876 1622 1.
906 1588 989 1621 Dum
1019 1588 1203 1620 Gaudiosus
1232 1588 1374 1628 praeviis

905 1640 1093 1672 Orationum
1122 1638 1241 1669 studiis

952 1689 991 1720 In
1019 1687 1158 1719 Domino
1187 1685 1337 1718 confism.

904 1739 996 1770 Inter
1023 1746 1111 1768 arma
1142 1736 1295 1768 micantia

905 1787 947 1820 Se
973 1787 1005 1819 in
1034 1787 1150 1818 salutis
1178 1785 1313 1817 foedera

954 1836 1014 1868 Est
1041 1835 1165 1868 athleta
1192 1835 1354 1875 provisus.

845 1926 878 1958 2.
906 1924 971 1958 Hic
997 1924 1143 1957 concitos
1170 1924 1212 1956 ad
1240 1923 1401 1964 proelium

904 1974 948 2007 Et
974 1974 1017 2007 ad
1040 1974 1155 2008 mortis
1183 1973 1346 2005 excidium

954 2024 1049 2057 Cives
1075 2023 1324 2056 Beneventanus

903 2073 1025 2106 Flectit
1052 2073 1095 2106 ad
1125 2073 1215 2114 pacis
1245 2072 1406 2104 vinculum

906 2124 968 2155 Per
994 2123 1099 2155 solum
1127 2123 1248 2155 iussum
1277 2121 1435 2154 caelicum

952 2172 1075 2205 Contra
1102 2171 1340 2204 Salernitanos.

841 2261 874 2294 3.
902 2260 985 2293 Tres
1013 2263 1100 2293 tenet
1129 2261 1160 2293 in
1190 2260 1349 2300 prodigiis

903 2310 1060 2344 Ordines:
1090 2310 1257 2342 miraculis

954 2360 1139 2392 Potestates
1167 2359 1271 2400 pellit,

900 2407 1066 2441 Feritates
1092 2408 1219 2447 iaculis,

900 2457 1071 2499 Largitate
1100 2457 1243 2490 muneris

949 2506 1136 2540 Daemones
1163 2506 1310 2547 expellit.
