1650 2727
663 169 928 205 —145-

152 265 186 299 2.
212 265 279 298 Hic
304 269 414 300 aetate
441 269 536 298 tener
827 267 859 300 2.
889 266 949 306 Qui
977 270 1148 307 postquam
1177 266 1284 307 coepit

263 315 382 348 didicit
407 314 573 347 mundana
601 323 727 353 cavere,
939 313 1115 355 probitatis
1143 314 1267 347 viribus
1294 315 1353 354 uti,

212 363 338 396 Mundo
365 363 465 396 corde
494 363 564 396 Deo
890 365 919 398 A
948 363 1089 396 Domino
1117 364 1233 395 meruit

261 414 413 453 satagens
441 416 473 444 et
493 415 600 444 mente
619 412 764 453 placere.
941 413 1021 444 dare
1036 411 1186 444 morbida
1202 411 1347 444 membra
1365 410 1474 445 saluti.

826 511 858 544 3.
886 509 1007 550 Fulget
1032 509 1065 541 in
1094 509 1233 540 excelsis

938 559 1129 592 coniunctus
1157 557 1304 590 coetibus
1331 556 1438 596 almis,

886 609 1053 648 Perpetuo
1080 607 1208 647 potiens
1396 614 1402 615 ⁷

938 656 1014 689 doni
1046 666 1118 688 cum
1145 656 1296 697 principe
1324 663 1458 687 summo.

153 521 186 554 3.
214 519 355 552 Sedulus
381 519 513 552 ardenti

260 568 368 602 studio
408 568 589 609 praebebat
627 573 764 601 ovanter

212 615 372 651 Auditum
401 617 504 650 sacris

262 666 423 708 evangelii
452 667 667 699 documentis.

333 793 548 829 Responsoria.
1038 783 1253 818 Responsoria.

826 864 858 897 1.
888 864 1102 896 incrementis
1130 862 1323 895 adulescens

887 912 1049 945 Bonitatis
1079 913 1130 944 hic
1157 919 1368 943 succrescens

890 963 995 995 Tanta
1024 961 1084 992 Dei
1112 960 1283 992 sublimari

937 1010 1052 1043 Gratia
1079 1010 1269 1051 promeruit.

887 1061 931 1094 Ut
960 1059 1090 1100 reginae
1116 1059 1297 1099 aegrotanti

883 1110 966 1141 Prae
994 1108 1106 1140 dolore
1135 1107 1285 1148 pariendi

933 1158 1131 1198 Sospitatem
1160 1157 1327 1188 redderet.

820 1203 862 1239 V.
887 1207 941 1239 Ad
968 1206 1141 1238 Dominum
1170 1206 1373 1238 lacrimando

932 1265 1047 1296 preces
1076 1255 1158 1287 fudit
1189 1254 1390 1287 Leouardus.

140 873 171 906 1.
199 873 320 907 Servus
347 874 470 907 Christi
497 873 702 912 Leonardus‚

261 932 436 955 coruscans
462 922 647 965 virtutibus,

210 972 241 1005 A
269 972 436 1013 primaevo
465 973 572 1012 coepit
597 971 679 1013 Deo,

261 1021 386 1053 servire
414 1021 584 1058 attentius,

211 1069 403 1102 Sanctitatis
430 1070 636 1102 incessanter

257 1118 414 1151 insistens
442 1119 610 1159 operibus.

140 1167 178 1201 V.
210 1167 334 1200 Claruit
367 1168 495 1201 eximiis

258 1218 463 1250 Francorum
486 1216 637 1257 gentibus
657 1221 760 1250 ortus.

149 1326 180 1358 2.
209 1324 392 1358 Sanctitate
419 1325 590 1356 roboratus

256 1373 366 1406 fidelis
393 1373 516 1406 Christi
544 1372 684 1406 famulus

207 1423 299 1465 Erat,
332 1423 429 1455 rebus
458 1424 507 1454 vir
535 1422 693 1463 benignus

257 1470 424 1513 perfectus
450 1474 484 1504 in
512 1471 671 1513 omnibus,

205 1520 362 1554 Trinitati
387 1530 532 1553 summae
558 1529 689 1562 semper

256 1570 438 1611 obsequens
466 1570 617 1603 viriliter.

134 1615 176 1652 V.
203 1618 321 1652 Edidit
345 1619 431 1652 hunc
456 1619 568 1652 alitrix

254 1667 363 1701 Gallia
390 1668 554 1701 nobiliter.

825 1356 856 1389 2.
886 1355 968 1386 Vere
993 1354 1143 1386 miranda

932 1404 1093 1444 magnalia
1119 1406 1192 1435 sunt
1222 1402 1399 1444 Leonardi‚

884 1453 1023 1485 Noverat
1055 1451 1199 1484 adflictis

928 1502 1007 1533 dare
1018 1502 1141 1533 caelica
1152 1501 1322 1533 commoda
1334 1501 1469 1540 cunctis,

821 1550 860 1584 V.
886 1552 956 1592 Quo
981 1550 1139 1584 fundente
1166 1559 1282 1591 preces

931 1598 1023 1642 [vina
1050 1598 1145 1644 fiunt]
1174 1601 1301 1632 latices.

819 1711 850 1744 3.
880 1709 906 1741 O
935 1708 1013 1741 felix
1042 1709 1160 1741 dilecte
1188 1708 1257 1740 Deo

930 1758 1103 1792 Leonarde
1131 1759 1276 1797 coheres,

881 1808 1020 1842 Custodi
1047 1818 1104 1840 nos
1133 1812 1165 1839 et

930 1857 1033 1890 nostri
1063 1858 1198 1897 dignare
1226 1860 1336 1888 reatus

879 1907 948 1939 Iam
976 1916 1079 1939 nexus
1106 1906 1220 1939 laxare
1246 1905 1294 1937 tui

930 1958 1055 1989 virtute
1083 1961 1253 1997 precatus;

816 2002 859 2041 V.
883 2004 988 2039 Nobis
1015 2015 1092 2046 ergo
1117 2005 1220 2038 bonus

927 2057 1067 2098 petimus
1094 2064 1248 2087 succurre
1276 2058 1444 2095 patronus.

146 1777 180 1810 3.
206 1775 316 1818 Elegit
341 1781 489 1810 sanctum

256 1827 297 1859 de
315 1827 412 1868 plebe
431 1827 520 1860 Deus
534 1826 754 1869 Leomardum,

204 1875 354 1917 Nomine,
384 1876 505 1909 virtute

252 1925 475 1968 magnificavit
502 1935 586 1958 eum.

128 1971 170 2009 V.
200 1975 354 2008 Solveret
384 1976 460 2019 Vae,
492 1984 636 2016 quosque

253 2025 390 2068 vinctos,
419 2029 553 2059 sanaret
576 2029 608 2056 et
627 2033 753 2065 aegros

234 2193 282 2227 1¹¹
310 2196 342 2228 2·
371 2194 614 2228 Nocmrno'
953 2214 999 2245 In
1029 2214 1061 2247 3.
1090 2212 1331 2246 Nocturno.

322 2283 528 2321 Antiph0n33·
1037 2290 1240 2325 Antiphonae.

138 2385 172 2419 1.
198 2385 238 2418 In
264 2384 362 2418 terris
391 2385 513 2426 degens
810 2381 841 2415 1.
871 2380 994 2414 Demus
1022 2381 1121 2423 digna
1151 2381 1221 2414 Deo

249 2433 373 2468 Christi
400 2434 495 2468 miles
526 2431 722 2466 Leouardus
919 2431 1030 2464 laudis
1056 2430 1235 2471 praeconia
1261 2438 1400 2472 summo,

197 2484 351 2518 Membra
377 2483 547 2525 voluptati
871 2480 933 2521 Qui
957 2480 1020 2512 sibi
1049 2480 1171 2512 dilecto

248 2534 357 2567 carnis
383 2543 442 2567 sua
470 2542 532 2566 non
567 2531 660 2565 dedit
685 2530 757 2566 ulli.
922 2538 1023 2570 regna
1050 2529 1143 2563 dedit
1170 2528 1356 2562 Leonardo.

156 2593 288 2624 Droves,
310 2593 457 2618 Historiae
474 2591 673 2622 Rhythmicae.
1250 2584 1286 2614 10
