1650 2727
720 154 860 190 —20

595 336 625 368 4.
666 336 708 368 De
732 335 910 369 Nativitate
933 335 1068 369 Domini.

172 458 204 490 1.
232 457 446 498 Expurgator
471 457 629 490 scelerum

289 507 425 539 Aeterni
451 507 554 547 patris
582 507 718 539 dextera

237 555 419 587 Descendit
444 557 486 588 ad
513 556 656 587 saucium

286 604 339 637 Ad
368 605 513 636 sananda
541 604 675 636 vulnera

236 653 281 685 Et
310 652 404 684 duxit
428 654 461 685 in
489 652 648 685 stabulum

286 701 423 734 Pietatis
450 710 561 743 opera,

238 751 357 782 Vinum
387 751 468 782 dans
494 754 527 780 et
551 750 657 782 oleum

288 799 433 831 Caritate
459 807 588 838 supera.

180 919 214 950 2.
240 917 305 948 Hie
331 921 379 947 est
406 921 516 948 noster
543 916 720 957 proximus,

289 966 425 998 Genitus
454 965 494 996 de
521 965 655 1005 virgine,

242 1015 305 1046 Pro
332 1013 424 1045 nobis
453 1013 644 1045 novissimus

285 1063 355 1094 Rex
384 1063 415 1093 in
443 1061 524 1094 caeli
552 1062 691 1093 culmine

237 1112 357 1143 Factus
384 1115 431 1141 est
460 1110 667 1148 humillimus.

282 1159 403 1192 Frixus
430 1160 462 1190 in
487 1160 661 1201 sartagine,

234 1209 302 1240 Nos
328 1213 457 1247 raperet
485 1208 648 1248 potentius

280 1257 429 1288 Hostium
458 1257 621 1296 voragine.

171 1375 202 1407 3.
231 1373 347 1406 Poenis
374 1382 408 1404 se
435 1372 592 1410 innexuit,

285 1422 328 1454 Ut
355 1431 412 1452 nos
439 1430 457 1453 a
484 1421 596 1461 poenis
623 1420 774 1462 solveret,

230 1470 364 1502 Sat-cum
392 1474 536 1501 nostrum
564 1471 677 1507 texuit,

283 1519 322 1551 Ut
351 1518 517 1549 fallentem
546 1516 687 1555 falleret,

230 1567 360 1599 Funera
387 1566 550 1607 sustinuit,

279 1616 322 1648 Ut
350 1614 447 1646 funus
473 1619 618 1647 nostrum
643 1615 796 1652 vinceret,

232 1664 328 1696 Carni
355 1673 389 1695 se
415 1663 598 1705 immiscuit,

282 1714 323 1747 Ut
353 1721 449 1744 carne
477 1721 534 1744 nos
563 1712 746 1744 redimeret.

880 459 912 491 4.
942 459 1074 498 Pauper
1100 467 1157 490 rex
1185 455 1340 495 efficitur,

988 506 1033 540 Ut
1058 515 1184 547 pauper
1211 506 1302 537 dives
1328 506 1433 546 fieret,

940 557 1058 588 Potens
1086 555 1178 596 prelo
1205 555 1375 594 premitur,

989 603 1034 638 Ut
1059 604 1220 644 impotens
1248 607 1442 643 resurgeret,

941 652 1088 686 Christus
1116 651 1327 692 crucifigitur,

990 701 1035 735 Ut
1062 701 1155 734 homo
1179 701 1303 732 caelum
1321 700 1506 742 scanderet,

941 750 1001 783 Sol
1027 750 1175 790 eclipsim
1201 750 1336 789 patitur,

989 797 1034 832 Ut
1060 798 1150 830 sidus
1176 798 1282 830 lumen
1310 801 1462 830 sumeret.

908 941 915 948 .
942 915 1006 947 Hie
1032 916 1112 946 sorti
1138 919 1269 947 nostrae
1294 916 1432 947 miserae

989 964 1134 996 Contulit
1159 963 1316 1003 subsidia,

940 1012 1042 1045 Duxit
1068 1012 1178 1052 lapsos
1205 1012 1328 1044 scelere

987 1061 1041 1094 Ad
1068 1061 1150 1093 caeli
1176 1059 1317 1101 fastigia,

939 1110 1057 1142 Mortis
1082 1110 1173 1142 vivus
1200 1118 1337 1150 asperae

987 1160 1106 1192 Passus
1133 1162 1182 1190 est
1207 1157 1352 1202 fastidia,

934 1207 977 1240 Ut
1006 1212 1147 1245 sanaret,
1176 1207 1307 1246 viperae

983 1257 1068 1296 Quos
1095 1256 1235 1287 laeserat
1261 1255 1397 1288 invidia.

899 1399 904 1404 .
932 1373 957 1405 Ο
984 1381 1077 1413 quam
1107 1373 1189 1404 mira
1217 1373 1302 1404 circa
1330 1381 1388 1404 nos

982 1421 1043 1453 Dei
1070 1422 1173 1460 patris
1200 1420 1349 1454 dilectio!

934 1469 977 1502 Ut
1005 1469 1146 1501 salvaret
1174 1470 1330 1512 servulos,

982 1518 1053 1550 Non
1082 1518 1228 1558 pepercit
1255 1518 1333 1551 filio.

930 1567 955 1599 O
983 1575 1126 1598 summae
1152 1567 1319 1607 potentiae

981 1616 1083 1655 Quam
1109 1616 1259 1648 miranda
1285 1615 1405 1656 passio,

932 1663 1135 1696 Conditionis
1163 1665 1301 1696 miserae

979 1714 1078 1752 Quam
1102 1723 1217 1754 magna
1242 1713 1444 1753 redemptio!

235 1830 359 1857 Collect.
384 1838 435 1855 ms.
460 1829 696 1856 Llantoniense?
718 1837 794 1856 saec.
819 1825 862 1856 13.
884 1829 956 1857 Cod.
973 1829 1051 1858 Coll.
1067 1830 1208 1866 Corporis
1224 1830 1336 1858 Christi
1353 1829 1503 1858 Oxonien.

158 1867 205 1896 59.
227 1883 264 1887 —
291 1869 313 1901 l,
338 1867 355 1895 5
380 1868 513 1896 duxerat.
536 1881 573 1886 —
596 1866 750 1895 Absehrift
770 1877 830 1895 von
852 1868 923 1896 Rev.
946 1869 984 1896 H.
1008 1869 1048 1896 M.
1073 1869 1240 1897 Baunister.

592 2060 620 2090 5.
662 2059 695 2091 ln
719 2058 897 2090 Nativitate
920 2058 1054 2090 Domini.

167 2185 197 2217 1.
225 2183 312 2215 Mira
340 2182 418 2222 lege,
448 2182 529 2214 miro
556 2181 650 2212 modo

274 2232 365 2264 Deus
392 2229 509 2262 format
537 2230 710 2269 hominem,

224 2281 310 2313 Mire
337 2280 436 2320 magis
464 2280 548 2311 hunc
574 2278 741 2318 reformat,

272 2331 347 2362 vide
374 2329 489 2360 mirum
517 2328 675 2361 ordinem.

147 2447 204 2483 R0
221 2447 436 2482 Reformandi
462 2447 563 2480 mirus
590 2447 670 2479 ordo

223 2499 261 2532 In
288 2498 349 2531 hoc
375 2501 467 2530 sonat
495 2496 711 2530 decachordo.

867 2183 898 2214 2.
928 2181 1054 2213 Primus
1082 2181 1175 2214 homo
1203 2180 1239 2212 fit
1265 2191 1304 2214 ex
1332 2182 1440 2221 humo,

972 2229 1089 2262 mulier
1117 2231 1157 2262 de
1185 2230 1322 2267 homine,

924 2278 991 2310 Nos
1019 2287 1058 2310 ex
1085 2279 1170 2318 illis;
1198 2289 1301 2312 novus
1328 2281 1425 2313 homo

973 2327 1008 2359 fit
1036 2336 1075 2359 ex
1103 2328 1175 2360 sola
1201 2329 1336 2370 virgine.

851 2444 906 2479 R⁰
923 2445 1138 2479 Reformandi
1163 2446 1263 2480 mirus
1291 2450 1372 2482 ordo

926 2495 963 2528 ln
990 2496 1052 2528 hoc
1077 2501 1170 2528 sonat
1198 2496 1416 2534 decachordo.
