1650 2727
683 155 726 160 -—
783 135 847 169 111
902 155 945 160 -—

594 227 656 260 133.
699 228 742 260 De
766 229 862 260 beata
883 228 986 260 Maria
1007 228 1042 260 V.

887 314 917 344 6.
947 307 1028 344 Nam
1056 310 1088 342 in
1117 310 1239 342 ventris
1267 310 1380 343 alvulo

177 310 208 345 1.
236 306 314 343 Iesu
339 313 455 350 mater,
485 309 579 342 deicai

285 358 456 399 Virginum
483 358 604 390 Maria

235 406 262 440 Ο
289 408 448 448 curatrix,
475 408 606 440 medica

282 455 458 488 Hominum
485 455 616 490 Maria.
666 487 668 490 ,

174 544 194 576 [0

200 569 208 577 .
236 541 262 578 Ο
292 544 333 576 de
362 543 430 576 Deo
456 544 567 584 genita

284 592 444 626 Genetrix
473 592 604 633 Maria,

235 641 261 674 O
290 641 389 674 decus
415 641 609 681 angelicum,

285 690 450 724 Gaudium
477 691 609 725 Maria.

175 780 208 812 3.
236 775 327 812 Haec
354 778 465 812 divina
496 778 610 821 qratia

283 828 370 862 Mire
396 829 600 869 procuravit,

233 877 281 909 Te
309 878 464 910 virtutum
489 878 603 919 qratia

286 927 522 968 privilegiavit.

176 1017 208 1050 4.
235 1011 320 1057 Ave,
350 1018 496 1047 ventrem
522 1015 635 1055 qratia

286 1065 382 1098 Prole
409 1063 610 1106 fecundavit,

994 359 1168 399 Requievit
1194 360 1311 400 tecum,

944 408 1059 440 Iacens
1085 407 1118 439 in
1146 409 1342 448 praesaepio

994 455 1191 488 Colludebat
1218 459 1337 489 tecum.

913 572 918 578 .
947 541 989 577 Et
1018 544 1108 583 prius
1135 544 1167 575 in
1194 544 1324 575 stabulo

998 592 1184 625 [laborabat
1209 593 1327 631 tecum,

951 642 1045 674 Nunc
1071 642 1190 673 sedens
1217 642 1248 672 in
1277 641 1359 673 solio

997 690 1191 723 Gratulatur
1215 693 1333 724 tecum.

909 805 916 812 .
945 775 1056 813 Solam
1083 778 1145 810 iam
1174 787 1254 818 prae
1281 778 1402 810 ceteris

994 827 1163 860 Dominus
1191 827 1321 867 dilexit,

945 878 1043 911 Ultra
1068 886 1210 909 summos
1237 877 1372 916 angelos

992 926 1163 959 Dominus
1190 930 1222 958 te
1250 926 1350 958 vexit.

911 1041 918 1048 .
948 1012 1086 1048 Decoris
1112 1018 1144 1046 te
1171 1013 1272 1054 pallio

994 1063 1165 1096 Dominus
1193 1064 1349 1100 contexit,

948 1113 993 1145 Et
1021 1112 1165 1144 dulcoris
1192 1112 1286 1144 oculo

995 1161 1165 1194 Dominus
1193 1162 1349 1202 respexit.

236 1113 335 1147 Cuius
360 1113 445 1146 mira
469 1113 585 1154 qratia

284 1163 464 1195 Damnatos
492 1162 633 1196 sanavit.

178 1254 209 1284 5.
238 1247 319 1285 Nam
340 1250 449 1291 plena
473 1249 656 1282 munditiae
861 1250 918 1283 10.
948 1246 993 1283 Et
1019 1249 1195 1281 benedicto
1222 1248 1365 1281 Domino

284 1299 377 1333 Cella
404 1299 570 1340 puritatis,
995 1298 1149 1331 Gaudens
1176 1298 1356 1336 benedicta,

235 1349 261 1382 Ο
282 1348 387 1390 plena
415 1348 562 1381 laetitiae
947 1347 1030 1380 Nam
1058 1347 1167 1380 Maria
1195 1348 1325 1380 nomine

286 1399 388 1432 Porta
413 1398 567 1438 pietatis!
995 1397 1045 1430 Tu
1072 1405 1105 1428 es
1132 1396 1315 1429 benedicta.

514 1487 568 1520 11.
598 1485 659 1518 Tui
689 1484 815 1518 fructus
843 1486 989 1527 praemia

650 1534 702 1568 Da
728 1535 940 1577 participare,

600 1585 706 1617 Amen
734 1584 823 1617 dieat
848 1584 990 1626 populus

649 1633 729 1668 Cum
758 1635 942 1668 devotione.

218 1724 303 1751 Cant.
341 1732 392 1751 ms.
425 1724 575 1760 Prageuse
602 1722 789 1753 (wenceslai
820 1723 855 1751 de
886 1723 1069 1759 Wyskytna)
1099 1723 1171 1750 anni
1205 1720 1290 1750 1512.
1320 1721 1394 1750 (lod.
1423 1721 1500 1749 Mus.

138 1761 262 1790 Bohem.
280 1763 356 1791 XIII
378 1764 403 1790 A
426 1761 451 1790 2.
477 1779 510 1783 —
536 1761 565 1795 4,
589 1762 602 1790 l
625 1766 759 1790 ventrem
781 1766 881 1795 tuum;
903 1763 1002 1798 gratia
1025 1762 1106 1790 fehlt.
1132 1777 1166 1782 -—
1191 1760 1217 1793 8,
1244 1761 1255 1788 1
1275 1762 1355 1791 Sola,
1380 1777 1414 1781 -
1438 1762 1500 1789 Das

138 1801 216 1829 Lied
237 1803 280 1829 ist
298 1801 544 1839 unvollsffindigz
568 1803 633 1830 dies
654 1803 736 1838 zeigt
756 1803 867 1830 einmal
889 1802 937 1829 die
958 1800 1072 1830 Gnosso
1092 1803 1167 1830 iiber
1189 1802 1243 1830 das
1264 1803 1340 1830 Ave
1361 1801 1501 1835 Maria,

139 1841 308 1870 anderseits
329 1841 382 1870 das
404 1841 609 1870 Akrosticlmn
633 1842 843 1878 „Iohannes
871 1841 913 1869 de
937 1864 941 1868 .
966 1863 971 1867 .
995 1841 1019 1868 .“

595 1957 658 1989 134.
702 1958 745 1989 De
767 1957 866 1989 beata
888 1956 991 1988 Maria
1014 1956 1047 1986 V.

892 2042 924 2073 2.
953 2039 1065 2073 Omnis
1093 2039 1152 2072 sios
1179 2039 1324 2080 Abigail‚

999 2089 1122 2128 Iudith,
1151 2089 1273 2122 Esther
1300 2088 1455 2127 formosa,

950 2138 1069 2181 Maria,
1097 2148 1219 2179 sponsa
1245 2138 1398 2179 pervigil,

999 2188 1107 2229 Stirps
1135 2190 1222 2221 Iesse
1250 2187 1429 2220 fructuosa.

180 2041 210 2075 1.
239 2041 338 2081 Rosa,
367 2050 514 2073 rosarum
543 2041 695 2082 primula,

289 2091 496 2132 Consurgens
524 2096 557 2123 ut
585 2100 716 2130 aurora,

240 2141 399 2173 Immunis
423 2140 512 2172 omni
539 2140 657 2172 rimula

289 2189 361 2222 Noe
387 2189 504 2222 salutis
530 2199 641 2231 prora.

158 2275 213 2310 R⁰
242 2277 381 2311 Davidis
407 2278 461 2311 ala
487 2303 495 2311 .

290 2326 455 2369 clangens
482 2330 515 2359 et
540 2336 671 2369 sonora,

243 2376 368 2409 Dulcor
391 2377 425 2409 in
452 2386 532 2409 aure
558 2376 703 2416 Domini,

291 2425 406 2468 Virgo,
432 2435 495 2467 pro
520 2426 616 2459 nobis
642 2435 711 2459 ora.

892 2278 924 2311 3.
953 2276 991 2309 In
1018 2277 1135 2312 tribus,
1164 2277 1266 2319 virgo,
1295 2276 1429 2308 tertium

1001 2327 1051 2359 Tu
1077 2326 1198 2358 mundo
1224 2326 1396 2367 peperisti,

952 2375 1020 2409 Nos
1048 2376 1173 2416 perduc
1200 2375 1232 2408 in
1260 2375 1450 2408 cistertium

1003 2426 1102 2458 Lotos
1131 2433 1246 2458 cruore
1272 2423 1407 2457 Christi.

222 2512 314 2542 Grad.
330 2521 384 2541 ms.
395 2513 549 2552 Pragense
564 2513 636 2541 anni
654 2510 736 2542 1473.
750 2512 824 2541 Cod.
835 2513 913 2542 Mus.
926 2513 1049 2542 Bohem.
1065 2512 1125 2541 XII
1139 2513 1162 2540 A
1180 2510 1204 2539 l.
1221 2527 1259 2533 -
1272 2509 1328 2545 ΗΟ,
1345 2510 1362 2539 2
1378 2514 1407 2539 et
1421 2511 1504 2541 fehlt.
