1650 2727
668 151 934 189 —113—

226 246 320 281 Votis
345 255 424 288 ergo
448 246 585 287 sedulis,

224 295 342 338 Dignis
368 300 545 329 concentus
572 295 714 329 modulis

270 346 303 378 A
328 344 422 377 nobis
447 353 534 377 nunc
558 345 688 386 utrique

320 393 451 426 Laudes
477 392 674 428 referantur.

260 499 323 534 Ad
356 499 631 536 Matutinum.

334 558 555 587 Invitatorium.

223 628 368 661 Sinceris
390 627 520 660 Christo
547 626 710 659 mentibus

271 677 481 710 Exsultemus
507 685 580 709 cum
607 676 738 718 gaudio,

221 727 282 767 Qui
309 730 495 758 sanctorum
522 724 713 766 pignoribus

270 775 346 808 Nos—
364 775 504 808 honorat
530 775 564 807 in
589 774 709 809 stadio.

251 883 297 915 In
336 885 366 917 1.
405 882 641 918 Nocturno.

344 940 545 976 Autiphonae.

161 1011 194 1043 1.
221 1011 309 1043 Laus
337 1010 450 1042 litetur
474 1010 508 1042 iu
535 1014 721 1042 sanctorum

273 1059 373 1091 Festo
400 1063 494 1099 grata
520 1059 655 1097 numiui,

269 1109 353 1140 Nam
381 1110 414 1140 in
441 1108 511 1149 lege
540 1107 671 1140 Domini

221 1156 299 1189 Fuit
326 1157 474 1189 voluntas
501 1165 623 1191 eorum.

157 1237 190 1269 2.
219 1234 325 1276 Super
352 1236 429 1269 Sion
457 1234 624 1267 constituti

266 1285 414 1317 Moutem
437 1289 585 1317 sanctum
613 1284 745 1318 Domini

267 1335 349 1368 Sunt
377 1333 507 1366 lionoris
534 1334 655 1375 gemini

217 1382 314 1416 Serta
340 1382 473 1414 tandem
501 1383 652 1415 assecuti.

153 1462 188 1495 3.
214 1461 246 1494 A
274 1461 385 1493 fructu
411 1460 623 1500 multiplicati

265 1509 424 1543 Caelestis
451 1509 660 1550 pinguedinis

261 1559 325 1592 Dei
349 1561 459 1592 vultus
485 1558 617 1591 luminis

216 1609 376 1644 Claritate
403 1612 479 1640 sunt
504 1608 636 1648 signati.

327 1715 542 1751 Responsoria.

152 1787 183 1821 1.
211 1788 296 1829 Lux,
326 1797 412 1827 ecee,
441 1786 545 1827 fulget
571 1786 669 1819 hodie

262 1837 376 1870 Novae
402 1835 644 1877 sollemnitatis,

211 1887 361 1919 Laudum
385 1887 520 1919 litentur
547 1885 673 1917 hostiae

258 1935 297 1968 In
326 1945 384 1969 arn
409 1934 576 1978 puritatis,

209 1984 261 2018 Ne
286 1990 474 2019 sanctorum
501 1983 661 2024 reliquiae

258 2033 465 2068 Auferantur
492 2034 640 2075 ingratis.

143 2083 183 2117 V.
210 2084 340 2118 Psallat
365 2085 461 2118 huius
488 2083 646 2117 ecclesiae

209 2133 334 2168 Chorus
361 2143 422 2175 pro
448 2133 548 2166 tantis
574 2133 702 2176 gratiae

258 2182 362 2216 Donis
389 2183 452 2217 sibi
481 2181 620 2216 collatis,

147 2263 180 2296 2.
207 2261 370 2296 Mundum
398 2264 441 2297 ad
467 2263 543 2306 agni
570 2262 702 2302 nuptias

256 2312 406 2346 Invitans
431 2323 489 2346 rex
517 2312 682 2346 caelorum

209 2361 328 2396 Servos
354 2363 540 2404 praemittit
566 2361 677 2395 varias

256 2412 456 2446 Promittens
483 2415 559 2455 post
585 2409 737 2444 laborum

209 2461 347 2496 Cursum
375 2464 462 2496 vitae
489 2461 626 2496 delicias

258 2510 450 2546 Mercedem
478 2512 684 2545 meritorum.

163 2571 307 2603 Dromas,
324 2572 471 2597 Historiae
488 2571 686 2602 Rhythmicae.
718 2570 798 2595 V111.

866 251 906 286 V.
934 250 1059 283 Horum
1077 250 1194 289 sancti,
1222 259 1308 283 nunc
1325 251 1478 293 proprias

933 299 1074 338 Quorum
1104 299 1184 330 colis
1210 300 1356 339 exuvias,

979 347 1108 388 Typum
1136 351 1246 380 tenent
1273 357 1452 382 servorum,

873 421 906 454 3.
933 420 1031 454 Cultu
1057 420 1191 452 laudum
1218 421 1389 461 impendia

977 469 1099 502 Sacrae
1125 469 1309 502 devotionis

929 517 1058 560 Prome,
1086 527 1243 558 praesens
1270 519 1420 561 ecclesia,

979 566 1129 599 Paradisi
1157 567 1291 607 colonis,

928 615 1070 655 Quorum
1098 613 1204 658 fulges
1230 617 1420 659 praesentia

978 665 1235 706 Congaudesque
1260 666 1419 706 patronis,

859 711 898 746 V.
926 713 1058 745 Laudes
1085 722 1194 746 eorum
1222 715 1344 755 amplia

927 761 1021 794 Vitae
1049 772 1259 804 compescens
1287 765 1368 796 vitia

975 811 1082 845 Filiae
1108 812 1298 853 Babylonis.

958 940 1005 972 In
1041 942 1073 974 2.
1110 939 1352 973 Nocturno.

1051 998 1252 1033 Antiphonae.

870 1066 902 1100 1.
931 1067 1141 1098 Intraverunt
1170 1066 1229 1099 Dei
1257 1068 1423 1108 templum,

978 1115 1023 1148 Ut
1048 1121 1182 1147 orarent
1207 1116 1325 1155 timidi,

978 1164 1113 1197 Cunctis
1140 1165 1209 1197 zelo
1237 1164 1357 1198 fervidi

928 1213 1129 1245 Praebentes
1157 1215 1351 1255 exemplum.

867 1288 901 1320 2.
928 1286 1032 1319 Hoste
1059 1293 1163 1320 strato
1191 1297 1263 1320 eum
1291 1288 1427 1320 dulcore

978 1337 1211 1369 Praeventrice
1237 1338 1344 1377 gratia

979 1385 1048 1416 Viri
1076 1387 1180 1418 sancti
1209 1386 1315 1426 gloria

926 1434 1133 1467 Coronantur
1161 1439 1191 1467 et
1221 1436 1353 1468 honore.

864 1507 896 1540 3.
927 1506 983 1539 Sui
1009 1516 1140 1548 semper
1165 1508 1391 1549 procedebant

973 1558 1012 1590 Iu
1041 1563 1217 1598 conspectu
1246 1558 1378 1591 Domini

972 1606 1017 1638 Et
1043 1606 1168 1639 idcirco
1197 1607 1327 1639 termini

922 1654 1068 1696 Lapsum
1095 1665 1230 1697 prorsus
1257 1656 1445 1692 eludebant,

950 1784 997 1816 111
1035 1785 1066 1818 3.
1105 1784 1349 1820 Nocturno.

1047 1842 1249 1879 Antiphonae.

862 1911 895 1946 1.
924 1912 1029 1946 Deum
1058 1922 1218 1954 quaerens
1245 1914 1315 1945 sine
1341 1915 1440 1947 sorde

970 1962 1061 1995 Haec
1089 1967 1139 1995 est
1164 1963 1341 2006 generatio,

970 2012 1090 2045 Manus
1117 2014 1186 2044 eius
1213 2011 1323 2044 officio

922 2061 1085 2095 Innocens
1113 2068 1143 2093 et
1172 2064 1293 2094 mundo
1321 2063 1431 2096 corde.

857 2137 890 2170 2.
918 2135 1024 2177 Beati,
1054 2137 1209 2168 remissae
1236 2145 1374 2177 quorum

967 2186 1074 2218 Erunt
1101 2186 1217 2226 culpae
1243 2187 1386 2226 penitus,

969 2235 1022 2267 Illi
1051 2245 1168 2277 nempe
1195 2235 1332 2267 caelitus

921 2284 1018 2318 Sorte
1045 2283 1197 2317 fruentur
1223 2285 1393 2317 iustorum.

862 2363 897 2397 3.
924 2362 1087 2396 Exaudiri
1113 2368 1305 2396 meruerunt

971 2412 1159 2446 Clamantes
1185 2413 1229 2446 ad
1256 2413 1446 2455 Dominum,

971 2462 1053 2503 Quia
1080 2463 1151 2504 spei
1179 2464 1354 2495 terminum

922 2511 1008 2545 Suae
1034 2511 1201 2545 Christum
1229 2514 1420 2552 posuerunt.
