1650 2727
194 268 232 299 V.
260 267 358 300 Cuius
383 268 540 301 suberbos

309 317 407 349 deicit
433 319 589 358 potentia,

260 365 366 399 Corde
391 367 530 407 benigno

310 416 443 455 respicit
473 416 617 448 humilia.

226 530 232 535 .
262 502 345 533 Dum
371 508 521 543 regnaret
548 503 722 540 Dae-ianus.

260 550 442 591 Sacrilegus
470 556 500 583 et
527 551 696 592 profanus.

259 599 380 631 Christi
408 609 522 633 nomen

305 657 435 680 exosum
464 649 586 685 habuit,

257 696 316 728 Dis
344 698 502 728 culturam

307 754 421 777 vanam
449 746 606 781 exhibuit,

257 793 310 825 Ad
341 797 501 825 tormenta

305 842 418 874 fideles
446 844 574 883 rapuit:

218 916 223 920 .
253 890 412 930 Georgius

305 939 416 970 videns
443 940 598 979 ingemuit

255 987 471 1027 Tyrannoquc

303 1044 373 1066 sese
399 1037 562 1079 opposuit.

194 1124 224 1153 ἢ.
255 1121 399 1162 Sapienti

184 2357 215 2388 ςο

304 1179 379 1201 usus
408 1171 554 1211 consilio,

253 1218 301 1249 Ne
330 1220 474 1251 tardaret

304 1276 410 1298 reruni
439 1269 577 1299 retentio

254 1316 320 1346 lter
351 1318 391 1347 atl
421 1316 602 1348 Dominum.

253 1367 375 1395 Aurum
404 1375 466 1396 non
495 1366 666 1406 modicum⁷

253 1412 344 1451 Quod
374 1413 497 1445 habuit.

259 1461 378 1500 Egenis
407 1461 583 1493 distribuit.

258 1509 300 1542 Ut
329 1515 437 1541 currat
465 1511 650 1550 expeditius

250 1558 291 1589 Et
319 1559 418 1590 tutius

255 1606 306 1637 Ad
336 1612 460 1645 patrem
489 1608 654 1641 luminum.

215 1680 221 1687 .
251 1655 329 1686 Mox
356 1657 445 1687 vultu
472 1657 622 1688 interrito

299 1703 484 1742 Tyrannum
514 1706 666 1736 intuetur.

250 1751 380 1784 Timore
408 1754 555 1793 deposito

302 1799 465 1833 Christum
494 1802 674 1834 confitetur.

281 1957 324 1987 In
361 1958 393 1990 2.
432 1958 663 1990 Nocturno.

369 2034 566 2069 Antiphonae.

214 2147 220 2153 .
251 2121 456 2154 Invocantem
485 2123 650 2154 exaudivit

296 2169 448 2202 Sanctum
477 2181 566 2203 suum
595 2171 762 2212 Dominus,

245 2219 348 2250 Hoste
377 2220 461 2251 victo
489 2221 553 2252 vita
582 2221 672 2259 vivit,

297 2267 394 2300 Cuius
421 2279 483 2301 non
511 2274 559 2300 est
587 2270 754 2303 terminus.

247 2355 353 2387 Verba
376 2366 445 2388 mea
473 2357 606 2397 percipe

292 2406 436 2438 Auribus
464 2406 615 2445 clamosa,

247 2453 378 2497 frangi,
408 2455 507 2489 Deus,
534 2456 689 2497 praecipe

298 2503 391 2537 Idola
419 2514 528 2537 exosa.

905 272 938 305 3.
965 271 992 304 Ο
1018 280 1113 312 quam
1140 270 1335 303 admirabile

897 1120 916 1151 to

880 1798 918 1831 V.

963 320 1088 352 Nomen
1116 324 1216 359 tuum,
1244 319 1393 360 Domine⁷

963 369 1024 408 Qui
1050 367 1228 409 confringis
1255 368 1419 409 sculptile,

963 418 1056 457 Quod
1084 421 1132 448 est
1159 418 1228 449 sine
1255 417 1395 451 numine.

1078 504 1290 539 Responsoria.

926 588 933 595 .
962 563 1087 596 Clamat
1114 563 1224 594 miles:
1252 563 1337 602 Quid
1369 562 1508 602 profane

960 611 1014 643 Sic
1039 611 1162 643 insanis
1190 611 1334 643 Daciane

1007 660 1050 692 Et
1077 660 1197 691 adoras
1225 659 1340 691 idola?

1009 708 1078 748 Ego
1105 718 1172 740 sum
1200 709 1402 740 christicola.

958 757 1060 788 Deum
1089 760 1184 788 untim
1215 766 1323 788 verum
1352 758 1434 795 colo,

1007 805 1066 844 Qui
1095 806 1216 837 creavit
1244 807 1361 843 omnia,

958 853 1045 885 Huic
1070 853 1168 885 offere
1195 855 1267 894 puri
1296 855 1369 886 volo

1009 902 1126 934 Cordis
1152 902 1322 935 sacrificia.

923 977 930 984 .
959 950 1027 990 Ipsi
1054 950 1114 981 soli
1139 950 1256 989 servio,

958 999 1022 1030 Pro
1049 1007 1111 1038 quo
1137 999 1321 1038 persecutio

1006 1047 1117 1078 Saevit
1142 1047 1175 1078 in
1201 1047 1350 1079 ecclesia.

923 1146 930 1152 .
958 1119 1012 1151 Dii
1040 1119 1086 1150 tui
1113 1125 1186 1151 sunt

1004 1177 1080 1199 vere
1109 1169 1288 1201 daemonia.

957 1216 1090 1248 Inimica

1004 1265 1144 1296 humano
1172 1267 1292 1306 generi,

955 1313 1133 1346 Simulacra

1004 1371 1100 1394 sensu
1127 1364 1283 1396 carentia.

956 1411 1049 1442 Muta
1077 1416 1107 1442 et
1136 1412 1234 1443 surda

1005 1459 1114 1491 iubeto
1141 1462 1275 1492 conteri.

953 1507 1087 1539 Nullum
1113 1517 1229 1540 numen

1001 1557 1107 1588 inesse
1132 1557 1225 1597 operi

1001 1605 1106 1637 Crede
1133 1606 1328 1639 mortalium.

952 1653 1058 1693 Supra
1084 1664 1142 1685 nos
1168 1660 1226 1687 est.

997 1703 1029 1734 in
1057 1702 1149 1735 nobis
1177 1703 1303 1736 habitat

997 1752 1134 1784 Creator
1159 1753 1313 1795 oninium,

946 1799 1041 1831 Hunc
1068 1801 1169 1833 adora
1197 1807 1228 1833 et
1254 1802 1387 1840 honora,

949 1849 1059 1888 Ipsum
1088 1859 1169 1890 ama,
1200 1851 1306 1890 ipsum
1335 1852 1426 1893 time,

997 1897 1031 1929 Si
1058 1898 1106 1929 vis
1131 1899 1268 1931 salutem
1295 1901 1433 1935 animae.

914 1995 922 2002 .
949 1971 1003 2002 Ad
1031 1970 1111 2002 haec
1141 1971 1242 2004 verba.
1269 1971 1303 2004 fit
1330 1973 1463 2006 insanus

949 2019 1019 2051 Nec
1045 2028 1080 2050 se
1106 2020 1195 2060 capit
1223 2021 1388 2054 Dacianus

997 2069 1080 2100 Prae
1107 2069 1217 2101 cordis
1244 2071 1382 2105 insania.

947 2115 1169 2149 Inflammatus
1196 2123 1246 2150 est
1273 2117 1384 2152 furore

946 2165 1017 2196 Nec
1045 2166 1170 2198 recedit
1195 2167 1237 2199 ab
1265 2177 1385 2211 errore,

996 2213 1079 2246 Nam
1107 2214 1212 2247 Deum
1246 2219 1495 2258 pesequentium

998 2262 1158 2296 Crescens
1177 2273 1307 2306 semper
1325 2267 1368 2299 ad
1382 2268 1496 2300 odium

1045 2313 1205 2345 Ascendit
1231 2315 1396 2359 superbia.

910 2388 918 2394 .
945 2360 999 2392 Ad
1027 2362 1189 2402 exquisita
1216 2364 1344 2404 rapitur

945 2409 988 2441 Et
1015 2410 1158 2443 trahitur

947 2458 1098 2491 Velocius

951 2507 1121 2549 Supplicia
1147 2508 1318 2551 Georgius.
