1650 2727
181 467 220 499 R.

199 2335 217 2365 ¹0

579 289 624 321 31.

281 380 326 411 In
363 380 393 411 1.
431 380 650 420 Vesperis.

250 465 385 498 Sanctus
413 466 628 507 Galeetorius⁷

303 515 436 548 Praesul
463 516 704 560 Lascurmusis,

253 563 375 596 Orabat
403 564 551 596 devotius

298 612 451 644 Manibus
478 614 654 654 proteum,

249 660 334 692 Dum
362 661 463 692 saevit
491 663 674 701 protervius

296 710 367 742 Rex
399 709 646 743 VuandalensiS.

216 783 222 789 .
251 758 356 796 Felix⁷
383 767 476 798 quem
505 768 567 790 uon
594 759 721 800 gladius

252 807 378 845 Terret7
407 807 464 838 sed
492 809 522 839 iu
550 808 664 839 melius

300 856 388 887 Ictus
416 861 516 887 mutat
545 858 641 887 ensiS.

349 960 394 986 Aa
416 960 599 996 Magnifieat.

220 1055 226 1061 .
255 1029 374 1060 Beatus
402 1029 605 1062 Galectorius

251 1079 328 1108 tlun]
358 1086 477 1109 corona
504 1078 671 1119 victoriae,

255 1126 398 1166 Praesm,
428 1132 552 1167 martyr
580 1128 738 1168 egregius,

255 1175 403 1214 Suscepit
431 1175 581 1207 thronum
609 1175 747 1216 gloriae3

257 1224 334 1254 Cum
362 1224 464 1262 magis
490 1224 576 1255 trino
603 1233 735 1256 munere

256 1272 444 1303 Protestans
472 1271 589 1304 verbis,
617 1281 716 1312 opere

254 1319 356 1351 Deum
386 1329 492 1359 regem
519 1321 552 1351 in
579 1321 707 1352 homine

253 1367 337 1404 Iesu.v
366 1374 441 1400 nato
469 1369 509 1400 de
537 1370 672 1409 virgine.

292 1503 354 1534 Ad
390 1504 662 1538 Matutinum.

366 1580 583 1608 Invitatoriuin.

258 1659 389 1698 Regem,
417 1660 471 1699 qui
499 1661 580 1700 regit
607 1662 723 1704 onmia,

307 1709 442 1739 saecula
468 1715 676 1749 venerantur,

260 1756 336 1787 Cum
365 1758 526 1796 praesulis
553 1758 721 1791 sollemnia

308 1805 478 1838 Lascurris
507 1806 726 1840 celebrantur.

284 1951 329 1983 In
369 1952 398 1984 1.
435 1951 674 1984 Nocturuo.

381 2028 580 2063 Autiphouae.

222 2132 229 2139 .
262 2106 381 2138 Beatus
409 2107 625 2147 Galectorius,

307 2155 366 2187 Vir
393 2154 499 2195 fortis,
527 2166 639 2188 norma
665 2165 799 2195 morum,

260 2204 331 2236 Non
359 2204 441 2236 abiit
466 2210 501 2236 ut
527 2205 646 2245 impius

305 2253 343 2286 In
371 2253 424 2285 via
449 2258 667 2293 peccatorum.

223 2360 230 2365 .
260 2333 330 2365 Deo
356 2332 456 2364 servit
483 2333 654 2372 Vasconia‚

308 2381 396 2414 Gens
423 2380 507 2414 Gota
534 2380 614 2414 facit
642 2382 733 2422 peius

261 2430 343 2463 Prae
370 2430 488 2463 ceteris
513 2431 664 2464 iniuriam

308 2479 476 2512 Adversus
504 2480 667 2513 Christum
695 2482 774 2515 eiuS.

793 145 934 181 78-

890 383 921 416 3.

891 705 921 737 1.

895 1170 914 1200 N)

668 290 710 321 De
732 291 842 322 sancto
864 288 1054 322 Galectorio.

950 380 1033 413 Fide
1058 383 1244 422 propugnat
1271 379 1459 420 comminus,

1000 430 1120 463 Preces
1147 427 1257 460 fundit
1282 427 1326 460 ad
1351 427 1455 460 Deum

950 478 1167 511 Exclamaus:
1196 476 1245 509 Tu
1272 486 1306 509 es
1332 475 1490 509 Dominus

998 527 1158 560 Exaltans
1185 530 1283 566 caput
1310 534 1428 559 meum.

1059 633 1272 668 Responsoria.

950 703 1166 735 Romanorum
1192 702 1364 742 imperium

1001 751 1074 784 Non
1102 749 1209 783 ferens
1233 760 1312 790 gens
1337 749 1495 782 Gotorum

951 800 1071 841 Regem
1099 799 1259 840 praefecit
1282 799 1462 839 proprium,

1000 848 1098 880 Fines
1127 848 1313 880 italicorum

951 896 1093 938 Transit,
1121 897 1162 927 ad
1191 895 1464 936 hemisphaerium

1002 945 1151 977 Pervenit
1178 944 1390 978 Gallicorum.

919 1019 925 1025 .
954 994 1089 1025 Beatum
1117 992 1350 1031 Galectorium,

954 1042 1141 1074 Praesulcm
1170 1041 1450 1082 Luscum-ensium,

1002 1090 1125 1123 Rumor
1151 1091 1259 1130 pulsat
1289 1099 1411 1122 eorum.

921 1194 926 1200 .
956 1168 1041 1200 Dum
1069 1168 1195 1199 iteratis
1223 1167 1350 1199 vicibus

1004 1218 1090 1257 Pago
1117 1216 1354 1256 Burdegalensi

955 1266 1083 1298 Damna
1111 1265 1227 1297 darent
1256 1265 1458 1297 Vasconibus

1002 1314 1078 1347 Goti
1104 1323 1231 1354 graves.
1259 1314 1419 1353 immensi,

957 1362 1146 1394 Enarratur
1169 1372 1186 1394 a
1215 1362 1364 1402 pluribus

1007 1411 1150 1443 Praesuli
1179 1411 1404 1450 Lascurreusi‚

924 1484 931 1491 .
959 1459 1052 1499 Quod
1086 1459 1179 1491 Gotis
1206 1458 1457 1499 profanantibus

954 1507 1141 1540 Offeruntur
1167 1508 1326 1539 altaribus

1005 1557 1091 1588 Loco
1118 1555 1225 1588 faeces
1252 1557 1387 1589 incensi.

956 1634 1077 1666 Beatus
1105 1633 1321 1671 Galeetorius,

1006 1681 1065 1713 Vir
1090 1682 1192 1714 mirae
1220 1683 1406 1722 probitatis,

957 1731 1115 1769 Devotus‚
1141 1730 1311 1771 benignus,
1339 1732 1423 1772 pius,

1005 1779 1166 1812 Excelsae
1189 1781 1384 1814 sanctitatis.

959 1827 1164 1868 Compatitur
1189 1828 1386 1868 profundius

1008 1876 1210 1909 Vaseonibus
1237 1877 1391 1917 gravatis.

922 1953 929 1960 .
956 1925 1041 1957 Fide
1067 1926 1182 1965 plenus
1208 1925 1387 1958 ferventius

959 1974 1087 2007 Ceteris
1111 1973 1151 2006 fit
1178 1976 1362 2007 contrarius

1007 2022 1102 2055 Gotis
1128 2024 1222 2055 maiis
1248 2024 1393 2057 armatis.

987 2170 1033 2202 In
1070 2171 1102 2202 2.
1139 2169 1375 2203 Nocturno.

1083 2246 1286 2283 Antiphonae.

925 2362 932 2370 ,
960 2334 1190 2368 Lascurreusis
1217 2337 1376 2382 eeclesiae

1009 2383 1148 2426 Gregem
1177 2395 1249 2418 eum
1275 2387 1488 2430 gubernaret,

959 2431 1058 2465 Favit
1084 2433 1174 2466 Deus
1202 2435 1359 2475 institiae,

1011 2482 1121 2523 Ipsum
1148 2492 1219 2516 cum
1247 2485 1425 2519 invocaret.
