1650 2727
193 520 232 553 V.

199 765 231 796 30

700 159 971 196 —108—

379 255 591 292 Respousoria.

227 350 235 358 .
264 325 331 358 Piis
357 329 486 366 gestans
514 326 693 358 visceribus

311 374 464 407 Miserias
491 375 720 418 languentium,

264 423 391 456 saniem
419 423 485 454 suis
512 424 659 456 manibus

310 471 509 512 Detergebat
537 473 726 505 dolentium.

262 520 403 553 Gemens
430 529 500 552 cum
528 521 730 561 gementibus

311 570 352 602 Se
384 569 422 600 iis
451 568 686 610 conformabat,

261 617 415 650 Gaudeus
443 628 513 649 cum
541 618 757 657 gaudentibus

309 666 458 706 Singulos
485 666 625 699 amabat.

260 763 363 795 Natus
390 763 492 803 ipsius
519 765 631 795 unicus

310 812 383 844 Dux
410 813 534 843 exstitit
563 813 708 851 Silesiae‚

260 862 361 900 Quem
388 861 517 901 gladius
544 861 732 892 'l'a1·taricus

308 909 409 941 Necat
440 906 560 952 [dirae]
589 910 743 947 malitiae,

223 983 230 990 .
260 958 308 989 De
335 957 425 990 cuius
452 958 608 997 martyrio

306 1006 426 1038 Renuit
454 1006 594 1045 plorare.r

260 1055 358 1094 Optat
388 1054 551 1086 desiderio

310 1104 390 1135 Cum
418 1102 474 1133 illo
502 1111 647 1142 regnare.

196 1205 228 1233 2⁷2.
258 1200 462 1241 Pauperibus
488 1201 689 1240 compatiens

191 2106 209 2137 [0

305 1250 371 1281 Eos
399 1248 509 1279 fovere
537 1249 659 1280 studuit

258 1300 305 1329 Ae
332 1302 558 1338 paupertatem
588 1297 725 1337 diligens

306 1346 369 1378 Sua
395 1346 507 1385 largiri
535 1345 646 1384 voluit,

204 1395 225 1426 ‘.
253 1395 431 1426 Abstinere
458 1394 583 1430 nititur=

304 1443 442 1474 Multum
471 1442 615 1482 vigilavit

256 1492 369 1523 cilicio
396 1491 507 1524 utitur,

304 1539 345 1571 Se
372 1547 497 1578 quoque
525 1539 680 1572 domarit.

281 1696 327 1726 ln
363 1696 396 1728 3.
432 1694 668 1727 Nocturna).

377 1771 576 1804 Antiphonae.

219 1887 226 1893 .
256 1861 345 1893 Haec
372 1860 493 1890 sanctis
519 1860 724 1900 stigmatibus

303 1910 421 1941 Fertur
447 1908 610 1948 insignita.

252 1958 384 1990 Cunctis
411 1957 610 1989 aromatibus

301 2006 465 2037 Virtutum
493 2007 627 2039 munita.

215 2130 222 2136 .
249 2104 400 2137 Humilis,
429 2102 576 2142 pacifica.

299 2153 399 2185 Plena
426 2151 586 2189 claritate,

247 2201 375 2233 Tribuit
402 2200 570 2240 magnifica

297 2250 377 2282 Cum
404 2249 579 2282 hilaritate.

213 2375 220 2382 .
248 2348 364 2380 Carnis
390 2356 474 2378 nexu
501 2347 649 2386 solvitur,

294 2395 450 2430 Gaudetis
476 2395 518 2428 ad
545 2396 709 2428 caelorum

248 2447 396 2488 Regnum
424 2443 503 2477 felix
529 2445 662 2478 vehitur

295 2496 395 2529 Manu
422 2494 620 2535 angelorum.

907 329 939 362 1.

891 2105 910 2136 Ιζ)

1082 258 1293 293 Responsoria.

967 328 1086 366 Vitam,
1113 335 1220 358 mores
1247 332 1277 358 et
1306 325 1464 368 habitum,

964 376 1087 410 Crebra
1114 375 1262 416 pandunt
1289 374 1449 417 prodigia,

962 424 1106 457 Felicem
1133 424 1200 456 eius
1227 424 1351 456 obitum

963 474 1061 507 Clara
1087 473 1226 504 clamant
1254 472 1422 504 miracula.

929 547 936 554 .
963 521 1097 554 Mulieri
1123 521 1287 561 perditum

1011 571 1122 602 Visum
1151 570 1327 611 reparavit,

962 619 1042 651 Cum
1067 619 1170 658 ipsius
1196 619 1345 650 meritum

1009 668 1071 700 Illa
1097 667 1294 707 imploravit.

961 764 1120 802 Clemens,
1147 764 1283 796 antistes
1310 764 1452 807 inclitus,

960 813 1120 853 Advigem
1147 813 1269 844 sanctis
1297 812 1441 844 coetibus

959 862 1181 902 Adgregatam
1209 861 1364 893 divinitus

959 909 1136 943 colendam
1165 908 1291 940 confert
1317 909 1477 943 omnibus.

962 957 1100 990 viterbii
1127 958 1329 989 sollemniter

1007 1007 1100 1038 Haec
1125 1006 1347 1042 canonizatur,

958 1055 1022 1087 Ubi
1047 1054 1233 1086 annualiter

1009 1104 1140 1136 Festum
1169 1103 1362 1134 celebratur.

959 1200 1165 1232 Gaudeamus
1190 1200 1222 1231 in
1248 1200 1397 1234 Domino.

956 1250 1090 1282 Festum
1117 1249 1256 1289 Advigis
1281 1249 1427 1281 inclitum

959 1298 1180 1335 Celebrantcs‚
1209 1307 1280 1328 cum
1306 1297 1408 1330 iubilo

958 1346 1113 1378 Nostrum
1140 1346 1302 1378 solvamus
1330 1346 1486 1378 debitum.

906 1395 927 1427 ⁷.
958 1394 1185 1427 venerandam
1214 1394 1365 1434 praebuit

1006 1445 1122 1476 Pastor
1146 1443 1230 1474 hanc
1256 1448 1435 1475 matronam

957 1494 1066 1532 Atque
1093 1491 1154 1522 coli
1181 1492 1342 1531 praecipit

1004 1539 1154 1572 Nobilem
1183 1540 1347 1574 Polonam.

1022 1697 1068 1728 Iu
1095 1695 1333 1730 Laudibus.

1077 1771 1278 1807 Antiphonae.

920 1888 925 1893 .
953 1860 1037 1893 Rota
1064 1860 1170 1892 molae
1196 1861 1365 1901 premitur.

1004 1910 1089 1941 Puer
1115 1914 1146 1940 et
1173 1915 1319 1951 necatur,

955 1958 1019 1990 Sed
1047 1966 1107 1998 per
1132 1957 1294 1998 Advigem
1323 1959 1475 1991 redditur

1001 2007 1077 2039 Vita
1104 2011 1134 2037 et
1161 2012 1308 2040 sanatur.

915 2129 924 2137 .
950 2104 1074 2137 Clauda
1101 2113 1247 2144 gressum
1274 2105 1403 2146 recipit,

1002 2153 1081 2186 Cum
1110 2152 1216 2184 femur
1242 2155 1414 2194 putrescit,

952 2201 1002 2234 De
1028 2211 1091 2242 quo
1119 2203 1237 2234 verinis
1263 2204 1413 2244 scaturit,

999 2250 1064 2283 Sed
1092 2259 1170 2283 sana
1197 2252 1342 2285 recessit.

915 2376 922 2382 .
949 2349 1064 2382 Tibiae
1091 2349 1257 2390 gracilitas

998 2399 1138 2431 Tantum
1163 2399 1372 2440 inspissatur,

952 2448 1046 2488 Quod
1072 2457 1204 2489 gressus
1230 2447 1373 2482 facilitas

1002 2498 1108 2530 Puero
1134 2497 1286 2531 donatur.
