1650 2727
694 131 957 169 -104—

467 229 499 263 3.
528 230 655 272 Vivum,
682 241 794 264 verum

526 278 631 312 Deum
657 280 850 314 confitemur

577 328 793 370 Unanimiter‚

527 377 628 416 Quem
654 379 774 410 trinum
802 379 837 411 in
859 378 1010 420 personis

527 426 571 458 Et
598 436 697 459 unum
722 428 756 459 in
783 435 853 460 esse
878 425 1070 467 profitemur

579 475 764 508 Laudantes
789 475 954 509 alacriter.

531 524 593 555 Per
620 529 746 564 patrem
773 526 851 557 vitia

529 572 650 604 Nostra
675 583 694 605 a
720 574 812 605 nobis
840 576 1057 612 removentur,

531 622 594 653 Per
619 621 721 653 filium
747 623 853 663 gratia
879 621 1045 660 tribuitur,

529 669 631 702 Fides
658 680 718 710 per
743 679 882 711 pneuma
907 669 1001 701 nobis
1029 670 1139 703 datur.

529 718 583 751 Sic
609 718 673 750 fide
701 719 845 752 roborati

532 767 659 799 Stemus
683 768 715 799 in
742 768 806 800 fide
833 767 909 800 rati.

228 857 314 885 Cant.
348 865 400 884 ms.
434 857 582 892 Pragense
610 857 794 888 (wenceslai
825 855 861 884 de
889 855 1072 891 Wyskytna)
1103 857 1174 884 anni
1209 854 1292 884 1512.
1320 853 1391 882 Cod.
1422 855 1500 882 Mus.

151 896 272 924 Bohem.
295 896 370 923 XIII
395 896 418 922 Α
445 894 471 922 2.

546 990 609 1021 123.
652 991 693 1022 De
717 989 921 1022 sanctissima
943 988 1114 1021 Trinitate.

191 1075 220 1106 1.
250 1073 464 1112 Omnipotens
896 1073 929 1104 2.
958 1071 1151 1112 Unigenitus

251 1122 349 1154 Pater
375 1120 517 1159 gentium
959 1123 1007 1152 Ac
1032 1120 1169 1152 illustris

250 1170 374 1202 Factor
401 1169 532 1203 entium,
958 1169 1064 1202 Filius
1090 1170 1195 1210 patris

252 1217 501 1257 Exsistentium,
961 1217 1129 1259 Natusque
1155 1219 1280 1261 matris,

255 1268 356 1307 Quem
383 1266 459 1298 colit
487 1270 586 1305 terra,
962 1267 1072 1300 Fortis
1100 1268 1150 1299 leo

257 1316 413 1348 Tremunt
442 1319 565 1347 tartara
964 1316 1012 1347 De
1039 1316 1127 1348 tribu
1154 1316 1246 1359 Iuda,

256 1365 300 1397 Et
328 1366 467 1397 adorant
493 1365 636 1400 aethera,
963 1365 1079 1396 Victor
1105 1366 1218 1397 mortis
1245 1369 1341 1406 capta
1366 1365 1502 1405 praeda,

172 1453 225 1485 R⁰
257 1453 429 1485 Gloriosus
456 1462 513 1484 rex
541 1454 715 1488 caelorum,
879 1452 932 1486 R⁰
960 1454 1110 1486 Summus
1136 1463 1244 1486 rerum
1269 1451 1394 1497 opifex,

253 1502 328 1534 Dux
356 1501 555 1543 angelorum,
962 1503 1065 1534 Verus
1091 1502 1250 1547 pontifex,

253 1551 362 1583 Decus
389 1555 588 1591 sanctorum,
961 1551 1059 1584 Cuius
1085 1552 1169 1584 mira
1193 1553 1258 1596 lex,

254 1599 320 1631 Sub
347 1603 510 1640 potestate
537 1610 671 1641 magnus
961 1601 1027 1633 Sub
1054 1601 1148 1641 panis
1174 1601 1312 1634 materia

253 1648 354 1680 Sedes
381 1648 412 1679 in
444 1649 560 1680 throno
586 1654 620 1680 ut
648 1660 760 1690 agnus.
961 1649 1120 1691 Designat
1146 1651 1312 1692 mysteria.

526 1738 558 1770 3.
588 1737 785 1769 Consolatur

587 1786 708 1817 Mentis
734 1787 879 1827 intimuS‚

586 1835 714 1875 Hospes
741 1836 882 1876 optimus

587 1884 809 1924 Magisterque
837 1885 1007 1923 maximus,

587 1932 757 1965 Increatus

587 1981 656 2012 Nec
683 1980 788 2013 factus
814 1990 874 2014 nec
900 1986 1005 2024 natus,

588 2030 730 2069 Spiritus
758 2030 945 2071 paraclitus,

506 2116 560 2149 R⁰
588 2117 652 2149 Sed
679 2119 860 2157 procedens
887 2117 928 2149 ab
955 2121 1103 2158 utroque,

589 2166 687 2197 Patre
712 2165 855 2207 filioque,

589 2214 730 2255 Compar
755 2215 885 2256 utrique

588 2263 765 2303 Potestate‚

586 2311 770 2353 Maiestate,

587 2361 708 2393 Divina
734 2361 940 2394 aeternitate.

237 2448 321 2476 Cant.
355 2456 407 2475 ms.
439 2445 589 2483 Pragense
616 2447 797 2480 (Wenceslai
828 2447 864 2476 de
892 2447 1077 2485 Wyskytna)
1109 2450 1181 2477 anni
1216 2449 1299 2479 1512.
1329 2451 1402 2480 Cod.
1431 2453 1510 2480 Mus.

157 2487 278 2516 Bohem.
301 2488 377 2516 XIII
399 2486 423 2514 A
447 2485 472 2514 2.
495 2502 532 2506 —
557 2484 581 2518 l,
605 2484 640 2514 12
660 2490 690 2514 et
710 2495 797 2524 agno.
