1650 2727
711 132 951 168 -51-

169 233 203 266 5.
230 231 324 272 Quod
349 231 485 272 antiqua
509 231 592 264 vitia
873 233 906 266 6.
934 231 983 262 Tu
1010 228 1082 262 fons
1109 239 1224 271 aquarn
1251 231 1376 271 gratiae

283 280 346 314 Per
370 284 404 312 te
428 280 494 313 sint
518 279 639 323 ablata,
982 277 1138 311 Omnibus
1165 278 1338 318 inundans,

230 329 297 362 Sed
322 334 357 362 et
383 328 575 361 castimonia
934 328 1044 360 Mater
1071 328 1156 368 regis
1182 327 1317 368 gloriae,

278 378 400 411 Salutis
426 376 548 410 oblata.
982 375 1151 410 Infernum
1180 378 1404 417 pessumdans.

642 455 672 487 7.
700 454 798 487 Dilue
823 454 969 496 propitia

748 504 889 536 Reorum
915 505 1062 544 peccata,

701 553 783 592 Quia
809 553 873 585 reis
900 552 965 585 alia

747 601 820 634 Non
848 606 897 633 est
922 602 1094 633 advocata.

232 677 355 746 Cffilect.
378 687 430 706 1nfl.
455 678 484 706 S.
509 679 624 706 Mariae
646 678 828 716 Rivipullen.
851 687 930 706 saec,
955 676 998 706 13.
1022 675 1061 704 in.
1086 676 1155 704 cod.
1174 676 1300 705 Parisin.
1322 676 1408 706 5132.
1430 678 1499 706 add.

153 725 229 746 saec.
272 734 298 744 ι.
321 727 367 745 ex.

610 813 657 845 63.
702 812 743 845 De
766 813 863 845 Beata
885 812 986 844 Maria
1009 812 1043 843 V.

167 897 197 929 1.
225 895 251 928 Ο
279 895 476 929 venerabilis
870 897 902 929 3.
934 896 1096 928 Virtutum
1123 896 1287 937 specimen

275 951 307 977 et
333 944 516 986 salutifera,
977 948 1010 976 et
1036 946 1123 977 vitae
1148 946 1256 982 ianua,

227 993 363 1034 Semper
389 994 539 1027 amabilis

275 1048 372 1083 atque
398 1041 562 1077 melliflua.

163 1123 197 1155 2.
225 1121 349 1163 Regina
376 1122 548 1163 virginum,

274 1171 351 1203 felix
376 1179 550 1213 puerpera,

931 993 1033 1025 Nobis
1060 998 1123 1027 tam
1152 995 1279 1027 miseris

979 1043 1068 1076 stilla
1095 1044 1249 1076 remedia.

869 1124 900 1155 4.
928 1121 1006 1164 Fac,
1033 1125 1164 1155 nostras
1190 1121 1343 1154 tenebras

978 1170 1092 1203 videns
1120 1171 1254 1213 irradia,

225 1219 332 1253 Decus
360 1221 533 1259 sidereum,
928 1220 999 1252 Tua
1026 1220 1202 1252 dulcedine

275 1270 370 1302 stella
398 1270 591 1302 clarissima.
977 1270 1144 1310 supplices
1169 1271 1262 1301 satia.

634 1352 666 1382 5.
696 1349 722 1381 Ο
749 1348 823 1380 Iesu
852 1347 980 1380 Domini

742 1397 890 1437 genetrix
918 1397 1041 1435 inclita,

691 1447 761 1479 Iam
787 1455 845 1478 suo
870 1446 970 1478 iudici

742 1504 814 1528 reos
842 1495 989 1528 concilia.

226 1571 348 1601 collect.
381 1582 432 1601 mS.
457 1575 589 1601 incertae
610 1575 685 1610 orig.
707 1582 784 1601 saec.
809 1570 852 1601 13.
876 1575 915 1600 in.
940 1573 1011 1600 Cod.
1033 1572 1175 1601 Tolosan.
1197 1571 1264 1601 871.
1286 1589 1323 1593 —
1346 1573 1500 1601 Absehrift

144 1619 204 1639 von
229 1612 298 1639 Adr.
322 1611 446 1640 Car-rere
467 1613 496 1641 S.
519 1613 542 1640 I.

600 1718 649 1750 64.
691 1717 733 1750 De
756 1717 855 1750 Beata
877 1716 978 1750 Maria
1005 1717 1040 1748 V.

158 1801 189 1834 1.
216 1801 299 1844 Ave,
326 1801 445 1840 Maria,
862 1803 894 1834 2.
923 1801 948 1834 O
976 1801 1132 1834 solacium

218 1849 334 1884 Gratia
923 1851 1084 1889 Omnium,

218 1899 331 1940 Plena,
359 1900 439 1933 viris
464 1900 564 1941 invia,
922 1900 1000 1933 Reis
1027 1900 1070 1933 da
1095 1900 1288 1941 remedium,

217 1949 278 1982 Via
304 1950 405 1991 regia.
922 1950 1048 1983 Mundo
1078 1951 1234 1992 gaudium

263 1999 442 2032 Thalamus
464 2000 611 2041 pudoris,
973 1998 1095 2032 Confer
1119 2000 1275 2036 salutare,

971 2049 1090 2081 Mundi
1117 2049 1289 2090 luminare,

971 2099 1113 2132 Servans
1141 2099 1305 2140 singulare

263 2049 387 2083 Summi
415 2059 471 2082 vas
497 2049 620 2090 odoris,

263 2098 374 2132 Mater
399 2099 574 2132 salvatoris

211 2150 321 2190 Atque
347 2147 428 2190 filia,
924 2147 1145 2189 Privilegium

213 2199 336 2232 Parens
362 2199 453 2240 paris
481 2199 601 2241 nescia,
920 2198 1005 2231 Dum
1034 2202 1109 2238 post
1134 2199 1344 2238 puerperium

213 2247 303 2280 Dans
326 2248 447 2289 gaudia
922 2247 1099 2288 Egregium

211 2296 343 2332 Dulcia.
920 2295 1089 2330 Gremium

260 2346 455 2380 Terminans
483 2347 606 2381 doloris
968 2345 1109 2378 Manens
1134 2346 1282 2386 puellare

211 2395 328 2430 Nostri
354 2395 475 2437 taedia,
918 2393 1032 2428 Nescit
1059 2394 1183 2436 vitium,

261 2445 365 2480 Primi
389 2446 546 2488 genitoris
969 2444 1080 2477 Mater
1105 2444 1229 2486 absque
1255 2452 1345 2476 mare

209 2495 313 2530 Tollis
340 2495 431 2529 vitia.
921 2494 1015 2528 Paris
1042 2493 1155 2528 filium.

1272 2548 1317 2580 4*
