1650 2727
209 244 244 279 3.
272 243 402 287 Ubique
428 245 526 278 timeo

322 294 453 327 dentem
481 294 660 337 vipereum,

273 343 442 376 Venenum
468 344 630 377 seminant

320 392 502 425 vendentes
527 393 647 432 oleum,

272 440 334 480 Qui
362 446 468 474 tecum
496 441 651 481 loquitur,

320 490 422 522 trahit
447 490 488 522 ad
518 489 679 530 laqueum,

274 537 318 570 Ut
345 538 406 571 tibi
432 541 595 579 temperet

324 587 447 620 doloris
472 587 635 621 balneum.

212 715 246 747 4.
276 713 394 746 Nullus
421 714 592 747 nocentior

330 763 425 795 hoste
453 764 645 803 domestico,

283 812 319 843 In
346 822 462 852 magno
490 814 614 854 decipit

328 862 414 894 sieut
439 863 472 894 in
499 863 639 901 modico,

282 909 330 942 De
356 921 421 944 non
447 912 608 953 ambiguis

328 967 442 1002 aperte
468 961 588 1001 iudico,

280 1008 329 1041 De
358 1009 469 1042 fratris
497 1011 612 1050 laqueo

327 1059 379 1091 vix
407 1059 523 1098 pedem
552 1059 691 1100 explico.

837 150 903 186 161
957 169 1004 175 -—-

920 251 953 282 5.
981 248 1015 281 Si
1042 249 1159 282 bonum
1188 249 1333 293 fecerim,

1031 298 1157 330 occulte
1182 299 1317 340 lacerat,

983 346 1017 379 Si
1043 347 1163 379 malum
1191 348 1329 389 aliquid,

1030 395 1156 436 fingens
1183 400 1371 438 exaggerat,

983 443 1017 476 Si
1046 453 1157 475 verum
1185 445 1346 485 approbo,

1030 493 1062 524 in
1089 493 1199 524 multis
1224 494 1360 533 peierat,

983 541 1026 574 Ut
1054 541 1158 582 prosit
1187 542 1345 579 hostibus,

1031 590 1153 622 amicos
1182 590 1338 622 vulnerat.

931 718 962 751 6.
990 717 1137 749 Minatur
1163 716 1230 749 filio

1039 765 1152 797 mortis
1179 767 1210 798 in
1238 767 1341 803 radin,

991 815 1027 846 In
1057 815 1126 847 visu
1151 815 1291 855 regulus,

1039 864 1071 895 in
1098 864 1201 895 cauda
1227 864 1368 904 scorpio.

992 912 1026 944 In
1055 913 1150 944 dente
1178 912 1319 954 coluber,

1039 963 1191 1001 princeps
1220 962 1250 992 in
1279 962 1398 1002 gladio.

992 1009 1085 1042 Ficta
1111 1010 1305 1051 simplicitas

1038 1060 1070 1091 in
1099 1057 1182 1091 falso
1209 1059 1307 1092 labio.

626 1188 657 1220 7.
687 1187 832 1220 Clamori
861 1196 960 1227 super
986 1187 1047 1218 hoc

737 1234 844 1268 infero
872 1237 1056 1274 terminum,

689 1286 754 1318 Per
776 1286 1011 1326 aegritudines,

736 1343 797 1375 per
823 1335 907 1366 ictus
935 1333 1103 1367 fulminum

683 1383 834 1417 Romana
861 1384 952 1416 curia

733 1432 822 1465 fovet

848 1433 1041 1474 periurium,

679 1482 745 1515 Pro
772 1482 894 1514 nummi
921 1482 1028 1523 gratia

731 1531 838 1564 salvat
865 1532 1081 1566 mendacium.

274 1658 347 1685 Piae
377 1658 541 1686 Cantiones
576 1655 650 1686 1582
681 1658 732 1686 sol.
762 1659 789 1685 K
821 1657 839 1686 2
870 1667 887 1685 a
915 1668 979 1696 sqq.
1006 1656 1191 1695 (Klemming
1218 1658 1275 1692 IV,
1307 1655 1367 1691 41.)
1401 1674 1439 1678 —
1473 1656 1505 1690 7,
1540 1660 1556 1686 6

196 1697 341 1733 periuria.
364 1713 397 1716 -
422 1695 449 1730 7,
471 1695 489 1725 8
511 1698 676 1726 mendacia.

596 1931 657 1964 195.
699 1931 742 1964 De
766 1931 953 1973 Temporum
974 1930 1159 1972 Iniquitate.

210 2046 244 2079 1.
273 2044 464 2078 Honestatis

322 2094 430 2127 Decus
457 2094 521 2127 iam
548 2097 709 2138 mutatur,

271 2143 464 2178 occultatur
491 2144 640 2177 veritatis

322 2193 488 2234 Splendor
514 2202 574 2235 per
599 2193 781 2234 mendacia,

273 2242 491 2276 conculcatur
517 2243 680 2276 castitatis

322 2291 412 2325 Rosa
438 2292 498 2325 sub
527 2291 669 2332 luxuria,

273 2341 386 2374 Omnis
412 2344 517 2383 aetas,
543 2350 651 2380 sexus,
677 2341 759 2374 ordo

325 2389 442 2422 Studet
468 2390 638 2434 avaritiae,

274 2439 408 2472 Transit
432 2443 538 2473 metas
564 2449 704 2481 morum,
732 2439 832 2472 corde

325 2488 597 2530 complectuntur
622 2489 714 2524 vitia.

258 2567 400 2595 Dreves‚
419 2566 573 2591 Cantiones
590 2568 619 2590 et
634 2565 745 2591 Mutati.
779 2566 832 2590 111.

925 2047 956 2080 2.
986 2045 1059 2077 Heu
1086 2045 1211 2086 indigni

1033 2095 1199 2134 Quaerunt
1224 2095 1412 2137 sublimari,

984 2143 1029 2177 Ut
1057 2144 1185 2177 lucrari
1212 2144 1417 2177 subditorum

1035 2194 1175 2226 Valeant
1200 2195 1368 2236 pecuniaS,

985 2242 1099 2275 Strata
1128 2253 1268 2284 namque
1295 2243 1460 2277 vitiorum.

1035 2292 1118 2329 Heu.
1149 2292 1293 2332 perdunt
1320 2292 1444 2324 animas

984 2340 1028 2374 Et
1054 2351 1172 2382 egenos
1198 2342 1328 2383 privant
1359 2341 1452 2374 bonis

1035 2390 1104 2423 Nec
1132 2390 1212 2422 dant
1239 2391 1453 2433 elemosynas,

985 2438 1049 2472 Sed
1077 2443 1228 2481 potentes
1256 2440 1363 2472 ditant
1391 2440 1484 2473 donis

1034 2489 1176 2530 Propter
1202 2489 1374 2523 amicitias

1347 2565 1378 2594 11
