1650 2727
680 126 941 162 *143—

186 221 219 255 3.
248 221 343 254 Vidit
371 226 404 254 et
429 223 609 267 condoluit,
903 228 934 259 4.
962 226 1084 267 Magna
1110 228 1294 260 miseratio!

248 270 342 310 Quod
369 271 440 303 ovis
466 280 531 304 una
560 271 666 305 defuit
963 276 1065 315 Quam
1094 275 1228 308 deduxit
1259 277 1298 308 de
1326 277 1430 319 devio,

296 319 424 352 Errans
449 328 511 361 per
538 321 680 362 devium,
1010 325 1153 365 Imponit
1179 326 1309 360 umeris.

248 367 286 399 In
316 369 448 401 deserto
477 369 601 402 deserit
961 372 1035 405 Non
1065 376 1113 404 est
1141 374 1234 405 dolor
1261 374 1376 406 similis

296 417 452 457 Magnum
478 427 609 458 gregem
637 420 757 460 ovium,
1009 421 1136 463 Dolori,
1165 431 1259 461 quem
1288 423 1422 463 pateris,

246 464 340 506 Abit,
368 465 507 507 quaerit,
536 468 660 508 reperit
962 471 1045 509 Iesu,
1073 471 1128 510 qui
1154 471 1202 502 sic
1227 472 1356 503 humilis

296 513 472 546 Errantem
502 523 562 555 por
589 517 730 550 devium.
1008 519 1129 551 Factus
1157 528 1190 551 es
1217 529 1296 559 prae
1324 520 1453 555 ceteris.

516 605 547 636 5.
576 604 695 636 Mortis
722 614 808 638 nexu
837 605 957 643 diruto,

576 653 726 685 Dracone
752 663 888 694 surgens
914 654 1032 687 obruto

624 701 841 742 Depraedans
869 702 1003 744 inferos,

576 751 755 783 Pharaonis
782 752 883 792 impio

623 799 778 841 Captivos
805 805 837 832 et
864 801 999 834 miseros

574 849 706 882 Ducens
732 849 773 882 ab
800 850 940 891 imperio

623 898 747 931 Choros
773 909 876 940 usque
900 908 1050 940 superos.

197 983 271 1012 Piae
299 984 464 1013 cantiones
495 984 570 1014 1582
598 986 648 1015 fol.
678 987 704 1015 G
731 985 748 1014 5
778 996 804 1015 a.
831 987 1014 1023 (Klemming
1036 988 1082 1019 ΙΙ,
1116 986 1190 1019 108.)
1232 988 1297 1024 vgl.
1327 989 1379 1016 das
1403 988 1476 1017 Lied

121 1023 435 1090 gleiclienhAtnfanges
458 1025 544 1053 Anal.
568 1027 595 1060 Ι,
626 1023 678 1059 98,
703 1026 756 1054 das
786 1028 857 1054 aber
886 1027 940 1054 mit
968 1028 1079 1054 diesem
1104 1036 1159 1053 nur
1180 1026 1229 1054 die
1251 1031 1328 1055 erste
1352 1028 1479 1064 strophe

117 1071 235 1099 gemein
279 1072 318 1090 a.

521 1181 578 1212 177.
624 1181 666 1212 De
688 1180 893 1213 sanctissima
914 1181 1085 1214 Trinitate.

160 1271 190 1305 1.
218 1269 399 1306 Triformis
426 1273 609 1306 relucentia
867 1276 899 1308 4.
928 1270 1065 1315 Magnus
1092 1274 1181 1306 Deus
1207 1274 1241 1306 in
1268 1284 1379 1314 opere.

267 1321 427 1354 Abundat
453 1322 486 1353 in
514 1322 606 1363 solio,
976 1323 1085 1356 Maior
1111 1324 1142 1355 in
1171 1327 1298 1363 natura,

216 1370 316 1404 Lucis
344 1370 531 1404 deficientia
929 1372 1050 1404 Potens
1075 1373 1158 1404 mira
1185 1372 1357 1415 perficere,

267 1419 390 1454 Carens
414 1421 455 1453 ab
482 1421 588 1460 initio,
975 1423 1072 1454 Patet
1100 1421 1133 1454 in
1160 1427 1321 1465 creatura,

213 1470 276 1503 Est
302 1469 416 1509 honor,
446 1470 561 1510 virtus,
589 1471 695 1512 gloria
927 1471 987 1511 Qui
1015 1472 1124 1511 polum
1152 1471 1247 1504 scivit
1275 1472 1410 1513 pingere

263 1518 429 1552 Uniformi
459 1520 564 1558 radio,
978 1520 1169 1553 I'lasmabili
1196 1521 1340 1560 pictura,

217 1567 277 1608 Qui
304 1577 405 1610 supra
432 1577 540 1601 rerum
568 1570 656 1601 entia
928 1570 1053 1602 Cuncta
1085 1569 1230 1610 disponit
1257 1571 1415 1611 pondere,

263 1616 368 1650 Lucet
394 1618 454 1651 abs
479 1619 672 1659 primordio.
975 1619 1119 1652 Numero
1146 1625 1178 1651 et
1206 1629 1369 1653 mensura.

153 1708 185 1739 2.
214 1703 306 1740 Haec
332 1707 387 1739 lux
416 1707 566 1740 mirando
595 1708 715 1740 lumine
866 1711 898 1742 5.
926 1705 1054 1742 Auctor
1082 1709 1253 1740 descendit
1282 1709 1419 1741 caelitus

265 1755 353 1789 Mira
379 1757 501 1798 triplex
528 1755 635 1789 adfuit
977 1759 1012 1790 In
1039 1757 1177 1790 caritate
1204 1767 1297 1799 pura,

218 1804 398 1846 Seraphico
424 1807 457 1838 in
484 1807 624 1839 culmine
925 1806 1100 1840 Occultans
1128 1816 1162 1839 se
1190 1807 1348 1840 divinitus

264 1854 503 1897 Formulasque
531 1856 641 1896 coluit,
976 1856 1042 1889 Sub
1069 1857 1130 1889 lilii
1158 1857 1319 1889 clausura.

213 1904 347 1949 Cuncta,
364 1914 446 1946 quae
461 1909 538 1938 sunt
553 1905 764 1946 subtegmine
923 1906 1085 1946 Quidnam
1110 1906 1338 1938 admirabilius

263 1954 427 1997 polorum,
457 1956 650 1998 composuit,
977 1960 1079 1996 Quam
1109 1956 1199 1997 virgo
1228 1957 1387 1998 paritura,

213 2003 380 2037 Potentias
404 2005 435 2037 in
465 2004 596 2038 homine
923 2005 1015 2045 Quod
1046 2005 1148 2038 Isaias
1176 2006 1306 2046 penitus

261 2053 311 2087 Dc
338 2063 401 2086 non
429 2059 503 2087 ente
531 2055 657 2087 statuit.
973 2055 1151 2095 Prospexit
1178 2056 1211 2087 in
1239 2055 1370 2095 figura?

151 2145 183 2177 3.
212 2143 239 2178 0
267 2153 363 2184 quam
391 2149 488 2185 pater
514 2144 678 2184 ingenitus
866 2146 898 2177 6.
929 2140 984 2176 Sol
1013 2144 1154 2176 vertitur
1177 2144 1313 2176 zodiaco

261 2193 438 2227 Excellens
466 2194 625 2235 potentia⁷
975 2194 1139 2227 Grarliens
1169 2195 1199 2226 in
1228 2193 1377 2235 geminis,

211 2243 312 2276 Patre
338 2242 489 2284 procedit
516 2242 656 2284 genitus,
926 2242 1009 2274 Dum
1038 2243 1087 2276 sol
1114 2252 1286 2283 supremus
1314 2242 1459 2274 thalamo

261 2291 364 2325 Dives
389 2293 564 2333 sapientia,
975 2293 1160 2325 iuvenescit
1187 2291 1336 2332 virginis,

211 2341 265 2374 Ab
291 2346 429 2382 utroque
455 2342 603 2382 spiritus,
924 2341 1045 2382 Erupit
1073 2340 1146 2373 fons
1174 2350 1244 2373 cum
1273 2341 1420 2373 balsamo

265 2389 458 2423 Praedulcis
485 2391 670 2430 elementia,
977 2391 1129 2424 Caelicae
1156 2390 1352 2431 dulcedinis,

212 2440 285 2473 Hae
311 2444 379 2472 tres
405 2448 570 2482 personae
597 2439 727 2480 penitus
927 2440 1016 2473 Rosa
1041 2439 1147 2472 crevit
1175 2440 1216 2471 de
1243 2440 1370 2472 calamo

263 2489 439 2531 Simplices
466 2489 620 2522 essentia.
977 2490 1014 2522 In
1043 2489 1181 2522 salutem
1204 2488 1357 2523 hominis,
