1650 2727
703 159 949 195 —41—

586 302 636 334 44.
679 301 712 333 in
735 301 980 335 ausui-rectione
1003 300 1059 331 DN.

155 399 188 433 1.
214 397 322 431 Adest
347 395 559 428 celeberrima
859 398 892 428 4.
921 393 1037 425 Totum
1066 396 1113 423 est
1143 392 1334 423 miraculum

264 445 344 478 Dies
368 443 577 485 resurgentis,
968 441 1090 475 Christi
1117 446 1369 476 sacramentum.

215 494 255 531 In
282 504 345 536 qna
371 492 593 526 sacratissima
918 491 1010 532 Quod
1038 490 1224 530 praetendit
1253 493 1420 532 speculum

265 544 348 578 Caro
374 541 566 574 redimentis
969 540 1010 572 Et
1040 539 1128 571 vos-is
1158 538 1343 579 figmentum

310 592 519 625 Ministratur
545 589 686 631 populis.
1015 589 1057 620 Et
1084 588 1242 628 splendor
1268 588 1418 626 visibilis,

212 641 424 684 Expurgetur
450 639 553 671 azima
918 638 1023 670 Datur
1051 639 1082 668 in
1111 637 1265 668 cenaculo

260 689 314 723 Ab
339 687 602 729 inquinamentis,
969 686 1089 719 Mentis
1117 686 1316 728 alimentum,

215 741 299 774 Nam
327 739 430 770 virtus
457 737 618 769 altissima
918 736 1128 768 Ministratur
1157 736 1277 775 populo

263 788 360 821 Stans
386 787 419 818 in
446 785 660 819 sacramentis
971 786 1037 818 Sed
1064 793 1124 825 per
1151 786 1361 825 tegimentum

312 836 412 868 Plena
440 840 487 868 est
514 835 691 867 miraculis.
1021 834 1137 874 Specie
1163 834 1340 870 sensibilis,

154 938 186 970 2.
216 935 402 968 Pnocedunt
428 934 562 966 oracula
860 936 892 968 5.
921 933 1018 966 Panis
1047 932 1137 964 vivus
1165 932 1314 969 sumitur,

262 984 371 1025 Legis,
403 983 650 1023 prophetarum,
969 982 1033 1015 Sed
1062 989 1125 1013 non
1152 981 1341 1014 immutatur

214 1033 399 1068 Succedunt
427 1032 585 1064 miracula
921 1031 1075 1071 Sumptus
1104 1040 1161 1062 nec
1190 1033 1399 1067 consumitur.

264 1084 385 1116 Panem
413 1082 604 1122 gratiarum,
971 1080 1034 1114 Sed
1063 1079 1110 1111 sic
1136 1084 1293 1120 operatur

313 1130 436 1163 Laudis
463 1134 495 1161 et
522 1130 698 1170 potentiae.
1020 1129 1138 1161 Divina
1167 1131 1323 1171 potentia.

213 1181 291 1214 Sine
318 1179 382 1212 fide
409 1179 523 1212 sedula
920 1179 1033 1219 Agnus
1061 1187 1157 1210 verus
1185 1179 1293 1211 editur

261 1229 423 1262 Mentium
451 1238 618 1261 sacrarum
972 1227 1035 1259 Hic
1061 1232 1091 1259 et
1120 1228 1315 1267 immolatur,

214 1279 412 1312 Permanens
439 1279 471 1310 in
498 1278 627 1309 saecula
921 1278 984 1310 Per
1012 1287 1105 1317 quem
1135 1277 1227 1318 plebs
1257 1278 1430 1312 redimitur

263 1328 427 1369 Operatur
454 1336 566 1367 parum
969 1327 1012 1359 Et
1040 1326 1102 1358 iam
1132 1326 1292 1359 liberatur

312 1376 410 1409 Panis
438 1376 664 1410 eucharistiae.
1019 1375 1116 1415 Regis
1146 1376 1310 1410 violentia.

150 1477 184 1511 3.
212 1475 374 1509 Sacerdos
401 1478 431 1506 et
460 1475 565 1507 hostia
862 1476 894 1507 6.
924 1473 1135 1506 Celebrantes
1163 1474 1316 1514 gaudium

262 1525 334 1557 Hoc
360 1525 393 1557 in
420 1528 626 1555 sacramento
971 1523 1233 1556 Resurrectionis

212 1574 363 1608 Christus
391 1579 452 1611 est,
481 1577 513 1604 et
539 1573 645 1613 gratia
923 1573 1145 1607 Recordeinus
1172 1574 1311 1612 pretium

261 1623 368 1656 Datur
393 1623 425 1654 in
453 1627 626 1664 augmento
970 1623 1111 1654 Nostrae
1138 1623 1299 1664 passionis

311 1672 414 1705 Simul
442 1677 475 1704 et
499 1671 660 1704 remissie.
1017 1672 1055 1704 In
1083 1680 1163 1704 cena
1190 1673 1361 1707 dominica.

212 1723 314 1755 Totus
342 1726 391 1754 est
418 1722 450 1754 in
478 1721 593 1761 hostia,
921 1721 1057 1753 Crescat¹
1082 1730 1141 1761 per
1168 1721 1311 1755 edulium

261 1771 362 1804 Totus
389 1770 421 1803 in
452 1770 643 1811 fragmento,
970 1770 1200 1811 Reparationis

211 1821 350 1854 Manent
376 1820 559 1853 accidentia
920 1819 1062 1853 Nostrae
1091 1820 1292 1853 desiderium

260 1871 337 1904 Sine
364 1869 577 1903 fundamento
971 1870 1209 1902 Retributionis

310 1919 353 1953 Et
381 1929 491 1952 eorum
519 1918 613 1952 actio.
1018 1919 1061 1951 Et
1089 1918 1171 1951 fides
1198 1919 1371 1954 catholica.

227 2018 298 2048 Ord.
324 2027 379 2045 ms.
402 2018 568 2046 Casinense
592 2026 669 2044 saec.
697 2015 739 2045 14.
763 2017 835 2045 Cod.
859 2016 996 2046 Vatican.
1021 2015 1106 2045 9340.

548 2173 597 2204 45.
641 2173 674 2204 ln
697 2172 943 2204 Resurrectione
968 2172 1100 2205 Domini.

384 2277 534 2311 Christus
562 2276 718 2315 surrexit,
748 2275 874 2307 vinctos
903 2276 943 2308 de
971 2285 1102 2309 carcere
1130 2277 1230 2313 vexit,

383 2327 471 2368 Quos
498 2325 553 2359 hic
582 2325 711 2365 dilexit,
740 2324 853 2356 mundi
881 2325 1078 2358 cruciamine
1106 2327 1197 2367 texit,

385 2375 565 2410 Polliciens
593 2374 676 2407 caeli
704 2374 845 2406 vincenti
873 2383 973 2415 regna
1000 2375 1101 2418 fideli,

385 2425 552 2466 Expertes
580 2423 662 2457 caeli
691 2424 795 2455 iustos
821 2423 959 2456 sociavit
986 2423 1094 2458 Abeli.

384 2473 460 2514 Eia,
490 2473 605 2506 felices
633 2473 709 2505 hinc
736 2471 887 2513 psallatis
915 2474 1108 2514 genetrices,

383 2525 508 2558 Omnes
534 2523 687 2565 gaudete,
718 2522 906 2554 destructae
933 2527 1009 2556 sunt
1034 2525 1109 2565 quia
1134 2528 1250 2559 metae.
