1650 2727
661 79 923 116 —210—

120 177 158 210 V.
197 176 260 210 Per
284 187 406 218 poenas
433 183 465 211 et
489 179 668 220 opprobria

196 225 319 259 Horum
347 228 465 268 probat
492 227 608 261 Sibilia

245 276 327 308 Vota
354 276 510 317 firmaque
536 286 631 317 pura.

133 355 164 388 2.
193 354 280 396 Rege
307 363 413 386 coram
443 353 576 387 Sibiliae

240 403 338 435 Flatu
364 407 476 435 sancto
503 404 616 436 muniti

192 452 244 485 De
269 461 378 492 causa,
407 453 447 484 de
467 454 624 492 progenie

243 501 455 541 Respondent
480 501 637 542 requisiti,

192 549 261 582 Nec
288 551 382 582 minis
407 558 465 582 nec
492 550 652 582 blanditie

241 599 415 631 Cesserunt
441 599 602 642 impetiti3

117 646 156 679 V.
190 647 332 689 Ieiuniis,
362 647 481 687 vigiliis

189 698 238 728 Ac
265 697 359 728 etiam
386 696 537 736 suspiriis

239 745 313 777 Non
340 745 513 786 neglegunt
541 744 645 776 inniti.

128 823 157 855 3.
188 823 301 854 Turris
330 823 362 854 in
390 831 513 853 summo
540 822 636 861 positi

238 871 311 903 Non
340 875 465 902 cessant
492 870 695 911 praedicare,

187 919 251 952 Sed
279 920 339 951 viri
368 919 466 952 Satan
493 919 618 951 subditi

236 968 402 1000 Conantur
429 968 487 999 hos
514 967 657 1007 turbare,

187 1018 273 1056 Quos
300 1016 413 1056 populi
439 1026 497 1047 rex
524 1016 648 1056 perditi

236 1065 314 1096 Dire
342 1064 431 1098 iubet
457 1073 595 1104 necare3

114 1114 153 1146 V.
185 1115 312 1154 Agente
338 1122 434 1154 prece
461 1113 560 1152 geniti

186 1163 258 1194 Non
286 1167 444 1194 necantur
469 1162 634 1198 immeriti,

236 1211 391 1243 Iubentur
418 1211 582 1251 navigare.

250 1348 294 1379 In
322 1349 353 1379 2.
382 1346 616 1381 Nocsturno.

332 1418 533 1454 Antiphouae.

126 1506 155 1536 1.
184 1503 296 1535 Sancti
323 1501 443 1534 fratres
471 1507 501 1533 et
530 1503 679 1545 humiles,

235 1551 414 1583 Virtutibus
441 1550 591 1592 perfecti,

183 1600 264 1633 Sunt
289 1599 331 1632 ad
355 1599 552 1631 manendum
579 1600 705 1632 habiles

229 1648 348 1680 Divino
376 1657 474 1689 regno
504 1649 592 1681 tecti.

122 1730 153 1761 2.
184 1726 372 1759 Voluntates
401 1726 553 1758 mirificat

229 1775 310 1807 Suas
336 1775 423 1806 Deus
452 1775 483 1807 in
512 1776 645 1812 sanctis,

181 1824 377 1856 Laetificans
404 1822 575 1864 dignificat

229 1873 313 1913 Quos
343 1872 435 1905 donis
463 1876 510 1904 tot
537 1877 569 1904 et
596 1874 704 1906 tantis.

120 1954 151 1987 3.
180 1951 348 1983 Francisci
375 1951 543 1992 generatio

229 1999 320 2038 Quod
350 2008 424 2031 vere
450 2003 587 2040 quaerat
613 2000 728 2038 Deum,

179 2048 301 2081 Probat
329 2047 408 2080 haec
436 2047 513 2080 felix
544 2050 650 2081 contio

227 2097 288 2129 Tot
314 2106 409 2138 passa
435 2100 573 2137 propter
600 2106 681 2130 eum.

317 2203 528 2239 Responsoria.

118 2276 148 2309 1.
175 2275 355 2307 Ferventes
381 2274 426 2306 ad
454 2273 649 2315 martyrium

225 2322 345 2357 Christi
371 2326 510 2363 propter
538 2331 682 2355 amorem

176 2373 373 2405 Perveniunt
398 2371 602 2405 Marochium

223 2421 295 2455 Non
322 2430 459 2462 parvum
487 2425 561 2461 post
587 2421 745 2461 laborem,

898 178 1011 213 Infans
1036 178 1318 220 Portugalensium

946 229 1100 270 Receptis
1128 229 1184 261 dat
1210 229 1376 262 honorem.

825 278 864 310 V.
897 277 1016 311 Divum
1043 277 1191 318 pandunt
1216 278 1390 318 eloquium,

898 327 993 360 Laeti
1020 325 1130 359 ferunt
1155 325 1364 368 supplicium,

947 375 1112 415 Quaerunt
1135 375 1221 417 regis
1249 374 1403 408 furorem.

835 485 866 515 2.
893 482 975 515 Diro
1003 483 1092 515 ducti
1119 482 1159 514 de
1186 491 1316 515 carcere

944 531 1128 563 Crudeliter
1155 532 1348 567 caeduntur.

894 580 963 612 Nec
989 584 1124 620 propter
1150 580 1210 613 hoc
1236 580 1277 613 ab
1305 589 1406 621 opere

942 629 1076 669 Incepto
1103 629 1324 668 retrahuntur,

893 677 1008 711 Fidem
1036 687 1144 709 veram
1173 677 1334 710 disserere

943 725 1136 758 Nolentibus
1163 727 1329 768 nituntur;

822 775 858 807 Y.
891 776 981 808 Bene
1007 784 1078 806 cum
1106 774 1227 807 barbae
1254 776 1386 816 vellere,

894 823 972 855 Cum
1001 823 1096 856 labiis
1121 832 1160 855 ex
1187 825 1324 856 verbere

943 871 1065 904 Cruore
1091 871 1343 912 perfunduntur.

833 980 863 1011 3.
892 978 1080 1010 Maurorum
1109 979 1174 1010 dux
1201 980 1395 1019 aggrediens

941 1025 1145 1059 Consortium
1174 1027 1313 1069 decoris,

890 1075 984 1107 Nunc
998 1075 1181 1115 blandiens,
1197 1084 1281 1108 nunc
1299 1077 1459 1120 saevienS,

941 1123 1091 1156 Perversi
1118 1133 1250 1156 consors
1277 1125 1387 1163 moris.

889 1174 990 1212 Quem
1018 1172 1079 1205 Dei
1106 1173 1199 1214 plebs
1227 1173 1413 1214 despiciens

938 1221 1009 1253 Vim
1036 1231 1099 1254 nou
1127 1222 1236 1262 perdit
1263 1222 1400 1265 rigori83

817 1270 854 1304 V.
886 1269 1036 1302 Seorsum
1064 1271 1143 1311 ligat
1170 1270 1294 1302 furiens

889 1318 961 1350 Dux
988 1318 1157 1359 flagellans
1185 1324 1217 1351 et.
1243 1319 1365 1352 feriens

937 1368 1054 1400 Servos
1082 1369 1193 1400 mundi
1220 1367 1366 1401 factoris.

946 1563 992 1595 In
1020 1564 1051 1595 3.
1080 1562 1317 1596 Nocturno.

1032 1660 1231 1697 Antiphonae.

825 1767 856 1800 1.
883 1766 1032 1800 Confessi
1058 1767 1128 1801 Deo
1155 1769 1284 1802 cithara

931 1815 1194 1850 Mortificationis

883 1863 1099 1898 Contemnunt
1127 1864 1215 1898 facta
1241 1866 1384 1899 barbara

932 1915 1112 1946 Perversae
1137 1915 1291 1948 nationis.

822 2021 853 2053 2.
882 2019 933 2052 Ex
959 2021 1116 2062 angustiis
1143 2021 1292 2054 omnibus

930 2069 1000 2101 Hos
1025 2074 1157 2102 sanctos
1182 2070 1337 2103 liberavit

881 2117 980 2153 Deus.
1010 2118 1122 2150 horum
1149 2120 1204 2159 qui
1230 2119 1394 2153 mentibus

930 2167 1034 2199 Dulce
1058 2167 1167 2200 lumen
1193 2169 1338 2203 donavit.

821 2275 853 2307 3.
881 2273 973 2314 Spes,
1001 2275 1104 2307 virtus
1132 2279 1164 2307 et
1193 2274 1354 2318 refugium

928 2323 1058 2356 Sanctis
1085 2324 1174 2356 Deus
1202 2329 1364 2367 censetur,

880 2371 944 2405 Per
969 2373 1059 2405 cuius
1085 2373 1278 2407 beneficium

927 2421 1038 2455 Omnis
1063 2422 1167 2456 iustus
1193 2430 1348 2458 meretur.
