1650 2727
662 147 930 184 —145—

155 245 187 280 7.
216 242 262 280 Ut
287 246 449 287 possimus
475 244 580 279 fidere

265 295 462 328 Trinitatem
489 303 570 335 esse,

213 343 426 384 simplicibus
451 352 569 384 sapere

267 391 342 425 Non
368 392 442 433 plus
470 397 520 424 est
545 400 690 434 necesse,

215 440 318 480 Quam
346 440 501 474 valebunt
530 445 652 473 metere

264 489 362 522 Fidei
389 489 430 522 de
457 498 572 531 messe,

214 538 318 570 Immo
343 538 450 570 minus
478 547 596 579 capere

264 586 355 619 docti
380 590 534 627 reputant
562 586 660 620 facile
686 596 732 621 se.

865 247 898 280 8.
927 244 1106 280 Scholares
1133 248 1165 280 in
1193 249 1290 282 trivio

980 294 1156 328 studentes
1184 297 1341 338 guberna,

929 344 1084 385 Regnans
1111 345 1152 378 ab
1180 346 1274 379 initio

980 393 1126 426 Trinitas
1153 398 1299 436 aeterna,

932 441 1000 474 Fac
1028 444 1094 474 vita
1123 451 1192 474 cum
1221 445 1340 483 gaudio

984 489 1064 522 Frui
1092 491 1303 531 sempiterna,

936 539 1040 571 Puros
1067 548 1086 571 a
1114 540 1192 572 vitio

984 588 1106 620 ducens
1132 589 1175 620 ad
1203 597 1302 629 regna
1329 597 1482 629 superna.

200 673 276 702 Piae
299 673 462 702 Cantiones
486 671 561 702 1582
583 674 633 701 sol.
662 673 689 701 H
714 672 768 701 fia.
790 674 976 710 (Klemming
990 675 1030 707 11,
1051 672 1069 703 3
1093 676 1118 702 ff.
1144 675 1188 702 ais
1206 677 1431 710 „Hyllinus'“).
1449 690 1482 694 —

123 711 157 747 3,
190 712 202 741 l
226 712 354 747 Vident,
377 722 473 750 geg-en
496 713 550 741 das
572 712 788 740 Akrostichon.
811 728 848 732 —
870 712 897 745 4,
921 712 937 740 7
961 724 1003 750 sq.
1028 718 1097 741 sunt
1120 717 1230 751 pariter
1251 716 1290 745 hi.
1313 724 1407 751 {regen
1430 716 1482 742 das

121 753 259 781 Metram.
292 767 330 771 —
361 752 394 785 6,
428 751 444 779 7
476 753 587 781 Verum
621 753 714 780 Deus.
747 767 783 771 —
815 750 846 786 8,
881 751 898 779 7
927 753 1021 780 Purus
1055 763 1108 781 nos
1140 763 1166 780 a.
1198 768 1234 772 —
1263 754 1482 781 Akrsusticlion:

120 792 326 825 Bircerus;
355 792 393 820 ob
422 794 477 820 mit
503 792 678 820 demselhen
707 792 852 828 Birgerus
879 792 1036 828 Gregorii,
1064 792 1245 820 Erzhischof
1269 802 1328 820 von
1358 794 1482 829 Upsala,

125 832 256 868 gemeint
278 832 325 867 ist,
348 840 407 859 von
429 833 496 859 dem
519 832 574 859 wir
596 830 774 867 liturgische
797 832 990 868 Dichtungen
1013 831 1166 860 hesitzen?

491 1085 758 1131 Cantiones
790 1083 1108 1130 Partheniae.

619 1251 681 1283 179.
724 1252 806 1283 Laus
827 1250 985 1291 Virginis.

158 1345 217 1378 la.
248 1344 334 1377 Laus
363 1344 498 1384 virginis

295 1393 374 1426 Nati
400 1396 495 1425 sonat
523 1402 594 1425 cum
620 1392 733 1434 iubilo,

241 1442 348 1475 Fraus
376 1441 521 1475 criminis

292 1492 390 1524 Absit
417 1492 533 1533 culpae

342 1541 455 1582 fugato
480 1541 602 1574 nubilo.

160 1631 220 1665 2a.
250 1631 370 1664 Coetus
397 1629 501 1663 nostri
529 1630 670 1672 collegii,

246 1679 368 1712 Laetus
396 1678 481 1712 festo

294 1729 414 1762 natalis
441 1729 531 1771 regii,

155 1819 175 1852 3
192 1828 222 1852 a.
251 1817 505 1850 Praedestinata
529 1817 674 1850 nosceris

299 1867 337 1900 ln
366 1867 504 1900 salutem
533 1867 749 1910 credentium,

159 1959 221 1994 4³-
249 1957 278 1989 A
307 1956 479 1997 prophetis
505 1956 718 1996 praecognita

299 2006 471 2048 Signorum
499 2005 751 2046 aenigmatibus,

159 2098 220 2130 5a.
248 2094 358 2128 David
387 2103 508 2131 semen,
542 2094 645 2135 stirps
672 2094 772 2135 regia,

296 2144 396 2186 Virga
422 2144 511 2177 Iesse
538 2142 703 2185 florigera,

154 2235 217 2269 fia.
244 2233 294 2265 Tu
321 2233 430 2275 stella,

242 2283 332 2323 Quae
358 2283 446 2315 bella

297 2331 520 2365 procellarum
551 2331 715 2371 destituis,

93 2419 105 2424 “
155 2423 217 2456 73.
247 2420 347 2452 Porta
373 2419 486 2454 clausa
510 2429 571 2453 nec
597 2419 722 2461 pervia,

244 2469 327 2503 Orta
353 2469 448 2502 nobis

294 2528 358 2560 qua
380 2518 438 2551 lux
466 2521 516 2551 est
541 2517 696 2560 praevia;

185 2580 333 2607 Dreves,
354 2578 509 2602 cantiones
523 2579 554 2601 et.
570 2577 681 2601 Mutati.
714 2576 769 2601 111.

869 1343 932 1378 lb.
961 1344 1085 1376 Parens
1113 1353 1228 1376 carens

1005 1393 1148 1434 Originis
1177 1394 1337 1435 contagio,

956 1442 1050 1474 Totis
1079 1443 1161 1474 votis

1006 1491 1053 1523 Te
1080 1492 1233 1524 carminis

1057 1542 1171 1574 laudat
1198 1540 1376 1582 praeconio

874 1629 938 1663 2b.
967 1629 1064 1663 Cedit
1091 1630 1197 1662 luctus
1226 1630 1389 1672 tristitiae,

960 1679 1059 1712 Redit
1089 1688 1148 1719 per
1173 1685 1205 1712 te

1013 1728 1138 1761 fructus
1164 1728 1319 1763 iustitiae.

874 1816 936 1851 3b.
966 1816 1087 1850 Sancta
1122 1817 1311 1858 priusquam
1343 1818 1488 1849 nasceris

1011 1867 1047 1899 ln
1080 1866 1185 1899 lucem
1213 1870 1285 1899 orta
1312 1867 1465 1906 gentium.

872 1955 937 1989 4b.
967 1956 1056 1995 Quae
1085 1955 1226 1987 decretis
1255 1965 1288 1988 es
1315 1956 1468 1996 praedita

1011 2005 1178 2038 Donorum
1208 2005 1470 2039 charismatibus,

871 2093 934 2128 5b.
965 2093 1075 2134 virgo,
1105 2093 1216 2134 proles
1244 2095 1376 2135 egregia

1010 2144 1153 2176 Servans
1179 2144 1316 2184 pudoris
1343 2142 1490 2176 foedera.

869 2231 933 2266 6b.
962 2231 1082 2271 Maria,

958 2280 1055 2321 Spem
1084 2281 1138 2322 pia

1006 2330 1197 2363 Gratiarum
1227 2330 1383 2362 restituis,

873 2418 940 2453 7b.
972 2419 1090 2452 Portus
1117 2420 1217 2451 maris
1245 2418 1410 2458 periculis,

962 2467 1088 2501 Hortus
1116 2469 1245 2500 clausus

1012 2517 1075 2550 Dei
1101 2517 1291 2559 signaculis.

1275 2572 1310 2602 10
