1650 2727
640 173 881 208 „81-

159 268 247 296 Brev.
281 268 486 296 Laseurrense
520 269 592 305 imp.
628 270 787 297 Laseurris
823 268 896 297 1541
928 269 1059 305 (reirnpr.
1097 270 1158 297 Pau
1196 268 1290 301 1891).
1326 285 1362 289 —
1402 271 1444 298 Iu

84 305 108 334 1.
130 306 234 334 Noet.
256 305 282 335 A
303 304 330 339 3.
355 306 368 334 1
394 312 564 344 propugnat
584 309 755 343 quominus.
775 322 815 328 -
837 307 865 337 R
891 308 915 340 l,
937 307 955 335 4
977 308 1142 336 Italiorum.
1168 323 1202 327 ——
1225 310 1267 336 In
1289 307 1315 337 3.
1333 310 1386 337 No
1399 313 1442 337 ct.

79 343 110 374 B
133 343 158 376 1.
179 343 198 374 3
213 345 304 373 Caelo
327 347 446 374 scitum.
469 361 505 366 —
522 344 551 374 R
572 346 599 378 3,
622 345 640 374 6
655 347 764 374 Amore
786 348 868 374 vitae
890 348 1015 382 gloriae.
1041 361 1074 366 -
1092 345 1118 375 R
1142 346 1168 380 ἱ),
1191 350 1209 373 δ
1231 351 1440 384 arreportatus

79 384 128 412 die
155 385 320 412 decentius.
349 399 387 404 —
409 385 452 412 In
479 385 591 413 Laud.
614 385 638 413 Α
666 382 693 418 3,
722 383 740 412 2
768 395 821 422 pro
853 389 880 413 te
904 386 1080 413 fruentibus,
1104 400 1140 404 —-
1163 386 1229 412 Von
1252 386 1356 413 diesen
1378 387 1438 414 Irr-

79 425 196 452 tiimem
219 423 362 451 scheinen
384 425 482 461 einige
503 424 734 461 aut'Rechnung
755 424 806 452 des
822 425 1001 453 Neudrneks
1023 434 1059 452 zu
1076 424 1222 452 kommen.
1240 440 1277 444 -—-
1294 426 1350 452 Die
1368 435 1438 452 zum

81 463 221 491 Officium
243 462 409 500 gehfirigen
427 465 568 500 Hymnen
590 464 673 490 siehe
695 464 782 490 Anal.
805 465 917 495 XLIII,
944 463 1006 491 145.

535 598 584 629 32.
626 598 670 629 De
691 600 801 631 sancto
822 597 978 637 Galgano.

215 681 260 713 In
300 681 330 714 1.
366 680 595 721 Vesperis.

305 746 507 784 Antiphonae.

123 829 154 860 1.
183 829 342 861 Laetetur
367 825 461 867 plebs
489 826 647 867 fidelium,

178 876 232 909 Ad
260 879 447 908 sauctorum
475 876 673 908 consortium

180 926 350 966 Galganus
378 924 509 957 scandit
535 925 679 967 inclitus,

180 975 276 1007 Omni
305 975 430 1006 virtute
457 974 637 1015 praeditus.

118 1055 152 1086 2.
180 1053 324 1085 Exortus
357 1052 390 1084 in
418 1052 588 1092 provincia

179 1104 296 1134 Castro
325 1101 486 1135 Clusdino
513 1102 664 1139 Tusciae,

183 1152 381 1183 Proavorum
410 1152 567 1191 prosapia

179 1199 380 1241 Spectabilis
406 1201 576 1241 progenie.

121 1281 151 1312 3.
181 1279 218 1311 In
244 1279 338 1310 annis
366 1278 547 1318 puerilibus

179 1327 268 1360 Satis
295 1327 426 1359 effrenis
452 1328 609 1365 moribus,

181 1377 360 1409 Instruitur
385 1376 533 1418 angelica

185 1426 316 1458 visione
342 1426 493 1459 mirifica.

121 1506 155 1538 4.
185 1504 342 1544 Princeps
370 1504 520 1536 caelestis
552 1505 690 1545 patriae,

181 1554 326 1586 Michael
355 1554 424 1586 visu
452 1552 571 1591 adsuit⁷

183 1603 295 1636 Sumat
321 1612 425 1635 novae
451 1602 587 1635 militiae

181 1652 293 1694 Signa,
321 1651 505 1693 Galganum
531 1653 668 1685 monuit.

278 1749 324 1777 Ad
345 1749 533 1787 Magnificat.

110 1810 156 1844 A.
186 1809 380 1851 Magnificat
407 1819 487 1851 prae
514 1812 632 1844 ceteris

185 1859 368 1892 Virtutibus
395 1861 574 1892 innumeris

181 1908 364 1950 Galganum
391 1914 540 1941 sanctum
567 1909 673 1942 deitas

182 1959 246 1991 Per
271 1959 413 2000 gratiam
441 1959 668 1998 praeveniens,

181 2008 218 2040 In
246 2007 359 2040 eadem
387 2008 566 2051 stabiliens,

182 2057 351 2090 Coronans
376 2067 439 2098 per
463 2058 620 2099 gloriarm

180 2106 246 2140 Per
268 2115 364 2148 quem
390 2106 486 2140 nobis
512 2108 641 2140 veniam

179 2153 330 2190 Praestet
357 2157 452 2190 beata
479 2157 620 2190 trinitas.

219 2285 282 2319 Ad
318 2285 593 2318 Matutinum.

286 2353 512 2382 Invitatoriurn.

177 2433 300 2477 Regem
326 2434 498 2467 laudemus
523 2435 705 2476 aeternum,

176 2483 238 2524 Qui
275 2487 390 2518 sancto
417 2482 566 2524 Galgano
592 2489 728 2523 regnum

177 2533 280 2567 Dedit
306 2533 340 2566 in
369 2533 462 2565 caelo
487 2539 676 2572 supernum.

134 2594 159 2618 D
164 2601 179 2618 r
184 2600 200 2617 ο
205 2600 224 2618 v
230 2601 246 2618 ο
251 2600 266 2616 a
273 2613 279 2623 ,
301 2592 448 2617 Historiae
464 2591 590 2621 Rhythm
594 2590 662 2614 icae.
693 2589 774 2616 VIII.

917 680 960 713 In
1001 681 1030 713 1.
1069 679 1308 712 Nocturno.

1015 757 1216 792 Antiphonae.

833 849 861 879 1.
892 847 1013 879 Beatus
1041 847 1262 886 evangelicam

940 896 1058 937 Legem
1087 896 1277 929 meditatur,

888 946 977 985 Quae
990 955 1051 986 per
1078 945 1258 977 doctrinam
1281 944 1438 976 caelicam

938 994 1007 1026 Sibi
1037 994 1291 1027 denmnstratur.

829 1083 860 1114 2.
891 1083 998 1123 Quare
1025 1082 1205 1114 mundialia

940 1132 1033 1163 Vana
1060 1134 1175 1163 cuncta
1204 1131 1339 1170 sprevit,

891 1180 951 1221 Qui
978 1180 1047 1212 sola
1075 1180 1231 1212 caelestia

939 1230 1102 1268 Quaerere
1131 1229 1289 1261 decrevit.

830 1320 862 1350 3.
890 1318 970 1350 Cum
998 1319 1182 1350 invocarem
1214 1317 1399 1354 Dominum,

938 1368 995 1400 Ait
1024 1372 1168 1404 sanctus,
1197 1366 1352 1403 iustitiae,

891 1416 1003 1448 Vitare
1031 1416 1159 1448 turbam
1189 1416 1352 1448 hominum

937 1466 1043 1499 Docet
1072 1475 1174 1498 vanae
1201 1465 1347 1497 militiae.

828 1555 861 1587 4.
891 1553 999 1586 Verba
1026 1564 1108 1593 mea,
1137 1553 1291 1591 Domine,

942 1603 1078 1643 Percipe
1104 1604 1306 1645 p1=aecautiS‚

892 1652 984 1685 Viam
1012 1656 1067 1684 tuo
1094 1653 1215 1685 lumine

937 1701 1091 1742 Dirigens
1119 1702 1270 1734 errantis.

829 1793 860 1824 5.
889 1790 1039 1829 Domine,
1067 1789 1251 1822 mirabilem

940 1839 1068 1872 Tenens
1097 1840 1330 1880 principatum,

888 1888 950 1932 Da,
979 1894 1013 1921 ut
1043 1890 1168 1922 vincam
1197 1887 1379 1921 terribilem

938 1939 1114 1972 Daemonis
1143 1942 1304 1972 conatum.

829 2028 861 2061 6.
891 2028 927 2060 In
955 2028 1096 2060 Domino
1122 2027 1275 2059 fiduciam

938 2077 1053 2110 Totam
1083 2078 1135 2109 liic
1162 2077 1307 2117 iactavit,

889 2127 951 2166 Qui
977 2127 1086 2159 earnis
1111 2126 1352 2159 immunditiam

941 2175 1025 2209 Vere
1052 2177 1242 2208 declinavit.

1007 2304 1220 2339 Responsoria.

830 2383 863 2418 1.
890 2383 1009 2424 Aperit
1035 2383 1133 2416 matri
1160 2382 1247 2415 finus

936 2431 1071 2465 Secreta
1097 2432 1245 2472 visionis,

889 2481 978 2522 Quae
1004 2482 1165 2514 reseravit
1192 2481 1336 2513 nuntius

938 2531 1096 2565 Caelestis
1123 2529 1277 2571 regionis.

1246 2585 1263 2614 6
