1650 2727
699 147 940 183 -82-

157 244 213 278 19.
241 244 444 276 Assistentes
469 247 545 276 tuae
570 244 661 276 laudi
860 245 917 278 20.
944 246 975 278 A
998 246 1098 278 maris
1121 246 1216 278 huius
1242 243 1389 286 procella

241 292 310 324 Nos
337 298 438 334 tuere,
467 301 524 324 nos
552 293 683 332 exaudi,
944 293 1014 326 Nos
1041 296 1138 336 erue,⁴
1155 295 1255 326 maris
1281 292 1389 333 stella,

290 341 409 373 Sancta
433 341 524 381 virgo
555 341 727 383 virginum,
995 342 1095 374 Verbi
1121 343 1183 375 Dei
1211 342 1330 381 haiala,

241 389 347 429 Digna
377 394 491 428 mater,
519 394 553 420 tu
581 389 716 429 dignare
947 390 985 422 In
1013 391 1190 422 Ierusalem
1216 398 1358 430 superna

240 439 407 471 Auxilium
435 437 584 478 flagitare
947 437 1016 470 Nos
1044 439 1219 479 disponens
1245 448 1305 479 per
1330 440 1464 470 aeterna

291 489 354 520 Pro
383 486 473 518 nobis
500 487 541 518 ad
569 486 753 519 Dominum.
995 486 1204 519 Saeculorum
1231 486 1370 519 saecula.

222 574 344 601 Collect.
369 582 420 599 ms.
444 573 631 599 Victorinum
656 581 732 599 saec.
758 570 802 599 13.
823 571 865 608 [et
890 570 956 608 14.].
979 572 1052 600 Cod.
1075 573 1204 600 Parisin.
1229 569 1337 600 11412.
1359 587 1396 590 —
1417 571 1452 607 5,
1475 571 1494 600 5

143 612 200 639 Sed
222 614 253 640 in
275 613 350 640 haue
372 613 410 638 vi.
431 626 463 629 —
481 610 507 643 7,
529 612 546 638 2
562 612 695 638 mondus.
714 627 751 630 —
768 609 811 644 10,
837 610 849 638 1
866 611 1023 638 Iezechiel.
1036 627 1074 631 —
1092 611 1135 643 11,
1156 611 1176 640 4
1190 613 1311 639 clausus
1327 611 1439 639 florem.
1456 628 1493 632 —

145 650 188 682 12,
211 650 228 679 5
244 653 369 679 Fructus<
392 652 423 677 in
445 654 483 678 te.
507 665 542 669 -—
568 650 612 682 13,
635 649 652 677 2
677 651 816 678 mondum
838 650 950 677 fructus
973 651 1155 678 emendavit.
1172 667 1209 671 —-
1228 650 1271 686 15,
1296 649 1439 678 lumbra.
1458 667 1493 670 —

146 690 193 719 15,
226 690 243 718 6
270 692 387 718 Noctat.
419 705 453 708 —
481 689 531 721 17,
560 688 578 716 2
610 690 704 717 sodes.
734 704 770 709 —
802 688 850 719 17,
878 688 898 716 4
927 690 1030 725 Pange
1058 690 1164 725 lyram.
1188 706 1224 710 —
1246 688 1298 723 20,
1328 688 1346 717 6
1367 690 1402 718 In
1429 700 1493 718 sae-

143 730 285 757 culorum.
310 745 346 749 —
369 729 435 765 Vgl.
460 739 496 756 zu
519 729 631 756 diesem
653 729 742 756 Liede
767 728 854 756 Aual.
876 728 942 761 XX,
965 727 1011 755 42.

184 956 213 988 1.

184 1280 202 1310 Ιύ

468 864 532 895 100.
575 864 633 894 Pro
656 862 831 895 vacatione
853 862 886 893 in
907 862 1015 894 Natali
1040 862 1172 894 Domini.

243 956 435 989 Gratuletur
460 957 565 987 omnis
593 956 732 987 mundus

242 1005 284 1037 Et
314 1005 456 1044 festinet,
485 1010 517 1036 ut
546 1005 585 1036 sit
615 1004 754 1035 mundus

292 1054 344 1085 Ab
371 1054 538 1085 immundo
565 1054 721 1092 crimiue3

242 1103 338 1138 Eece,
367 1103 478 1133 mundi
508 1107 692 1142 reparator,

243 1151 333 1183 Iesus
353 1151 513 1190 Christus,
542 1160 612 1190 rex,
632 1151 787 1192 salvator,

293 1201 396 1232 Natus
424 1205 473 1231 est
500 1200 539 1231 de
568 1201 701 1240 virgine.

209 1305 215 1311 .
245 1279 370 1319 Corpus
397 1279 491 1310 sumit
519 1278 680 1318 passionis

244 1328 332 1360 Deus
360 1327 463 1359 trinus
491 1328 521 1359 in
551 1327 710 1367 personis,

295 1378 384 1410 Unus
411 1377 443 1407 in
471 1376 671 1418 substantia3

247 1425 353 1467 Virgo,
385 1425 487 1456 vellus
512 1425 687 1466 Gedeonis‚

245 1475 416 1515 Templum
444 1475 511 1507 veri
541 1475 733 1512 Salomonis,

293 1525 402 1556 Mater
429 1528 475 1554 cst
504 1528 534 1554 et
562 1524 639 1556 filia.

213 1628 219 1635 .
248 1602 359 1634 Novus
388 1601 482 1633 dator
510 1612 611 1634 novae
637 1602 729 1642 legis,

246 1653 403 1691 Princeps
431 1651 538 1692 pacis,
569 1651 663 1682 fortis
690 1651 789 1692 aegis,

293 1700 346 1732 Fit
372 1700 497 1731 Mariae
524 1700 620 1737 iilius,

246 1749 334 1781 Fons
363 1754 391 1779 151
421 1754 534 1780 auctor
560 1749 692 1788 pietatis

247 1799 406 1830 Mundum
434 1798 539 1829 salvat
567 1807 585 1829 a
610 1798 765 1838 peccatis,

299 1848 506 1878 Pet-catorum
534 1847 672 1879 nescius.

246 1925 344 1964 Virgo
373 1923 450 1955 felix
477 1925 648 1961 salutatur,

244 1973 392 2005 Salutata
420 1974 659 2013 contemplatur

293 2022 388 2053 Hunc
415 2021 528 2053 salutis
555 2022 724 2063 nuntium3

244 2071 358 2111 Audit,
385 2074 496 2110 stupet
519 2075 552 2102 et
578 2070 725 2112 miratur,

242 2119 287 2151 Et
312 2119 354 2151 ad
381 2122 510 2158 partum
537 2122 755 2159 praeparatur

293 2167 428 2199 Ventris
456 2167 665 2198 domicilium.

247 2245 302 2278 Sol
330 2245 370 2276 de
396 2244 492 2276 stella
517 2245 673 2286 nascitur,

244 2295 329 2327 Dum
356 2293 444 2326 Deus
471 2293 639 2334 egreditur

291 2344 342 2377 De
367 2342 476 2376 Maria
502 2341 637 2382 virgine,

244 2393 315 2425 Nec
339 2393 428 2432 virgo
455 2390 686 2430 currumpitur‚

245 2442 315 2475 Nee
341 2440 493 2473 maiestas
519 2439 662 2472 laeditur

293 2493 408 2525 Iuncto
435 2488 526 2522 carni
551 2488 692 2521 numine.

888 955 919 987 6.
947 953 1060 986 Rubus
1087 955 1206 986 ardens
1232 964 1292 995 per
1316 955 1465 987 ardorem

951 1003 1179 1043 incorruptum
1207 1004 1312 1045 signat
1338 1003 1449 1036 florem

997 1053 1212 1093 Incorruptae
1240 1053 1384 1094 virginis,

947 1101 1053 1132 Ardet
1079 1101 1178 1133 rubus
1204 1111 1263 1133 nec
1291 1106 1466 1144 crematur,

949 1150 1003 1182 Sic
1030 1159 1089 1181 nec
1117 1151 1207 1190 virgo
1237 1151 1376 1183 violatur

997 1200 1059 1231 Per
1081 1200 1261 1239 ingressum
1289 1200 1440 1233 numinis

914 1302 922 1310 .
951 1277 1082 1309 Pridem
1111 1282 1179 1309 erat
1208 1279 1346 1311 mundus
1366 1287 1489 1320 caecus,

949 1325 1012 1358 Sed
1040 1336 1125 1358 nunc
1143 1328 1231 1358 venit
1249 1328 1361 1359 muudi
1381 1328 1491 1368 decus,

996 1375 1067 1407 Rex
1093 1375 1370 1416 incomparabilis,

949 1423 1046 1464 Deus7
1072 1425 1169 1456 iudex
1196 1426 1310 1465 iustus,
1339 1424 1448 1469 fortis,

948 1473 991 1506 Ut
1025 1474 1067 1504 sit
1094 1483 1200 1506 comes
1226 1479 1357 1507 nostrae
1383 1475 1493 1518 sortis,

996 1522 1102 1554 Homo
1128 1522 1163 1555 fit
1189 1521 1368 1564 passibilis.

915 1626 921 1631 .
950 1601 976 1633 Ο
1003 1604 1158 1641 quantum
1186 1601 1386 1642 mysterium,

949 1651 1108 1690 Quantum
1137 1650 1329 1683 beneficium

999 1698 1101 1730 Dedit
1129 1700 1209 1731 haec
1236 1700 1408 1732 nativitas!

951 1747 1045 1780 Salus
1073 1749 1171 1780 datur
1195 1749 1327 1788 homini,

951 1797 1036 1830 Caro
1063 1798 1155 1828 nubit
1182 1799 1315 1834 numini,

1000 1843 1172 1887 [Nascitur
1199 1843 1378 1890 divinitas].

912 1950 919 1957 .
950 1924 1118 1964 Quidquid
1146 1923 1208 1956 fuit
1234 1925 1266 1956 in
1293 1925 1466 1965 scripturis

947 1972 1055 2013 Signis
1084 1973 1207 2005 dictum
1232 1977 1264 2004 et
1290 1973 1414 2013 figuris,

995 2021 1114 2052 Patens
1142 2027 1189 2054 est
1216 2022 1259 2054 ad
1286 2022 1434 2063 oculum3

945 2069 1129 2101 Erubescat
1154 2079 1240 2102 nunc
1266 2070 1418 2116 Iudaeus,

946 2118 1006 2156 Qui
1022 2127 1086 2150 uon
1101 2119 1217 2159 credit,
1233 2119 1320 2160 quod
1335 2120 1379 2151 sit
1393 2121 1493 2166 Deus,

995 2165 1092 2198 Nunc
1118 2168 1173 2207 qui
1199 2168 1303 2201 salvet
1325 2171 1493 2210 populum.

854 2243 911 2277 10.
939 2244 965 2276 Ο
992 2244 1184 2276 Bethlehem
1208 2244 1299 2284 felix,
1327 2249 1444 2290 gaude,

949 2292 1064 2325 Lauda
1090 2293 1195 2326 Deum
1221 2295 1319 2336 digna
1346 2297 1455 2340 laude,

997 2341 1097 2374 Sonet
1121 2342 1289 2376 iubilatio!

948 2391 986 2423 Iu
1014 2394 1045 2422 te
1071 2394 1167 2423 natus
1194 2401 1252 2424 rex
1279 2394 1457 2438 caelorum,

948 2439 1116 2472 Medicina
1141 2445 1361 2484 peccatorum,

997 2489 1089 2520 Iacet
1113 2489 1147 2522 iu
1173 2492 1380 2532 praesaepia.
