1650 2727
172 236 203 270 3.
231 234 339 267 Radix
367 235 455 267 Iesse

232 283 378 317 Pullulat
403 284 436 316 in
460 294 585 326 messe,

230 333 372 365 Messem
399 342 470 366 esse

233 381 390 414 Novimus
417 391 582 422 expresse.

279 430 351 463 Non
379 431 510 471 delevit,

281 478 347 512 Sed
373 481 516 521 explevit

231 528 325 568 Quod
350 533 421 560 erat
446 538 589 562 necesse.

280 577 402 609 Venter
428 579 522 619 gerit,

278 627 370 666 Quod
398 636 470 658 mox
498 626 558 658 erit

229 674 447 707 Manifestans
474 684 525 707 res
552 684 597 708 se.

280 723 364 756 Caro
390 723 494 756 Deum
523 724 628 763 operit

278 772 348 804 Nec
373 773 531 813 pudorem
557 771 691 804 deserit.

280 821 345 853 Sed
372 821 500 861 asserit,

279 869 335 901 Nil
363 871 476 901 interit

230 918 372 958 Virginis
399 918 439 949 ob
467 927 547 949 esse.

278 966 417 998 Mortem
445 967 532 1006 terit,

278 1014 419 1047 Mortem
445 1014 541 1057 ferit3

228 1062 348 1104 Legem
375 1064 422 1095 sic
448 1064 601 1104 implesse

276 1113 345 1144 Iam
373 1121 436 1144 non
463 1113 525 1143 erit

277 1160 397 1200 Timor,
426 1161 511 1201 perit

226 1208 318 1241 Evae
344 1218 430 1241 mors
457 1214 690 1249 transgressae.

784 138 831 174 24
883 159 926 164 —

879 239 913 271 4.
941 237 1040 269 Plebs
1067 235 1176 268 fidelis

934 285 1055 318 Careat
1079 284 1234 326 querelis,

934 335 1025 367 Mors
1052 334 1195 367 crudelis

933 383 1031 424 Fugit
1059 383 1165 424 plenis
1192 383 1286 417 velis.

983 433 1055 464 Non
1081 432 1202 464 invitus

982 482 1043 514 Est
1069 480 1177 514 unitus

934 530 1064 563 Nostris
1090 529 1278 572 parentelis,

981 580 1044 612 Per
1069 587 1163 619 quem
1190 579 1322 610 strictus

979 628 1098 660 Mortis
1125 627 1209 659 ictus

929 676 989 709 Est
1017 685 1087 708 cum
1115 676 1181 707 suis
1209 676 1293 709 teliS.

980 725 1086 758 Patris
1111 725 1296 766 unigenitus

979 773 1125 813 Sumpsit
1151 774 1259 805 earnis
1284 772 1415 805 habitus

979 821 1154 860 Divinitas,

980 870 1064 902 Dum
1092 870 1223 902 inclitus

931 919 1044 952 Sermo
1071 918 1236 950 Gabrielis

980 967 1041 999 Est
1068 966 1210 1005 auditus,

981 1016 1165 1048 Redimitus

932 1064 1054 1098 Salutis
1082 1064 1239 1105 medelis;

981 1113 1034 1145 Sic
1060 1113 1187 1154 sopitus

980 1161 1103 1201 Culpae
1131 1162 1222 1194 ritus.

931 1211 1001 1244 Deo
1025 1211 1095 1242 laus
1122 1211 1154 1241 in
1183 1210 1292 1242 caelis.

208 1295 370 1323 Collectan.
401 1306 454 1323 ms.
483 1297 674 1324 Ramesiense
703 1305 780 1325 saec.
810 1295 855 1324 14.
884 1297 957 1325 Cod⁴
978 1297 1191 1333 Cantabrigen.
1213 1297 1273 1324 Hh.
1296 1297 1347 1324 VI.
1373 1294 1417 1324 ll.
1438 1310 1476 1314 —

132 1335 157 1367 1,
181 1333 195 1362 1
220 1334 357 1362 Hortum.
380 1349 416 1354 —
441 1334 466 1368 1,
489 1334 523 1362 19
545 1337 654 1363 nautis.
674 1350 713 1355 —-
733 1334 760 1369 2,
783 1334 800 1362 7
821 1337 946 1364 Seustis.
967 1350 1004 1355 —
1025 1333 1053 1369 3,
1078 1335 1112 1363 15
1134 1337 1249 1364 obesse.
1264 1352 1301 1356 —
1322 1334 1477 1363 Abschrist

129 1383 189 1401 von
210 1373 282 1401 Rev.
305 1375 343 1401 H.
366 1375 405 1401 M.
428 1375 595 1401 Bannister.

567 1508 596 1539 9.
638 1507 671 1538 In
694 1506 873 1539 Nativitate
899 1508 1034 1539 Domini.

599 1581 762 1612 versus
795 1580 997 1621 optimus.

597 1678 613 1710 1
621 1703 628 1711 .
656 1677 764 1709 Radix
790 1677 878 1710 Iesse

130 1813 192 1845 2a.
225 1811 327 1844 Stella
353 1822 468 1844 novum

276 1871 359 1893 nova
387 1860 511 1903 profert
536 1861 662 1893 radium
673 1871 680 1903 ;

705 1726 864 1758 castitatis
891 1726 1003 1769 lilium,

831 1813 894 1847 2b.
926 1814 1014 1847 Rosa
1040 1814 1126 1845 mitis

977 1867 1009 1894 et
1035 1871 1208 1894 coruscans
1234 1862 1338 1893 lilium

595 1952 627 1983 3.
654 1949 835 1988 Exsulatis‚

127 2039 149 2070 4
161 2046 191 2071 a.
220 2035 412 2076 Captivatis‚

129 2127 191 2158 5a.
219 2123 329 2157 Mater
355 2124 440 2156 natis

830 2037 894 2070 4b.
922 2037 1023 2069 Morti
1050 2037 1136 2069 datis

827 2125 891 2158 5b.
919 2125 1020 2158 Dedit
1045 2126 1146 2166 gratis

592 2215 624 2246 6.
650 2213 744 2246 Vitae
769 2213 928 2247 bravium.

128 2303 186 2336 7a.
220 2301 314 2335 Nova
338 2299 465 2343 profert
484 2301 611 2333 radium

826 2302 844 2335 7
857 2301 889 2336 b.
921 2302 1021 2343 Virgo
1047 2302 1109 2334 Dei
1133 2302 1246 2344 filium,

561 2389 619 2420 ῖς.
651 2389 713 2429 Qui
739 2394 790 2422 est
814 2390 902 2422 salus
924 2390 1080 2433 omniurn,

126 2480 187 2513 Sa.
217 2479 279 2520 Qui
299 2487 364 2511 non
390 2478 487 2511 habet
513 2477 651 2515 initium,

823 2479 886 2515 8b.
918 2479 957 2512 In
983 2479 1045 2512 hoc
1070 2480 1159 2514 venit
1186 2482 1335 2516 exsilium
