1650 2727
702 163 943 200 -35-

166 262 221 295 12.
252 262 366 294 Virtus
393 262 496 293 sancti
522 260 661 294 flaminis
871 263 928 297 15.
954 263 1096 304 Propter
1120 261 1324 294 imminentia

300 309 504 344 obumbrans
529 312 715 343 credentem
1003 311 1104 343 Festa
1129 311 1214 352 regis
1240 309 1323 342 tanti

251 359 298 391 Te
325 358 424 391 faciet
448 359 585 391 hominis
954 360 1146 392 Praestetur
1171 358 1305 391 licentia

300 408 426 447 Deique
452 414 632 448 parentem.
1002 408 1099 441 Clero
1125 406 1324 449 postulanti;

253 456 308 488 Fit
335 466 509 490 consensus
536 457 682 498 virginis,
956 456 1006 488 Ne
1032 465 1178 488 moveam
1206 455 1317 488 taedia

299 506 378 538 Mox
405 506 659 545 omnipotentem
1002 506 1105 538 Prece
1131 509 1197 536 tam
1224 503 1370 546 instanti,

249 553 401 595 Concipit
428 555 459 585 in
489 554 611 594 gremio
954 553 1063 584 Verba
1089 553 1168 584 mihi
1195 553 1314 585 desunt

299 604 424 635 caelum
435 606 619 642 terramque
629 604 805 642 regentem.
1003 601 1117 633 eadem
1142 607 1208 633 tam
1235 609 1334 642 saepe
1360 600 1499 642 roganti.

166 699 222 733 13,
253 699 370 731 Clauso
396 708 479 739 puer
504 699 614 729 limine
871 700 926 733 16.
953 699 1041 738 Ergo
1069 707 1167 738 parce
1195 698 1320 730 miseris

298 747 420 788 Prodit,
449 748 574 778 alienae
1003 748 1116 780 Potius
1143 748 1279 787 concite,

250 797 331 829 Sunt
357 805 468 828 omnes
495 806 513 827 a
541 796 666 837 virgine
951 797 1112 829 Miserere
1138 796 1265 828 miseris

295 845 456 878 Parientis
482 853 616 884 poenae,
1001 845 1151 877 Ali01um
1177 846 1248 887 rite,

247 893 345 926 Sonat
372 894 405 925 in
434 894 495 924 hoc
520 893 650 925 numine
953 894 996 926 Et
1022 894 1049 925 si
1076 894 1169 926 nobis
1197 893 1318 926 dixeris

297 943 386 975 Talis
413 947 503 974 ortus
531 942 612 973 bene
1002 943 1143 974 Licitum
1171 943 1252 974 dans
1277 942 1339 982 Ite,

250 992 439 1024 Excedente
466 992 596 1023 modum
952 991 1057 1024 Detur
1082 991 1259 1024 inoffensae

300 1040 442 1073 stadium
470 1040 617 1071 mortalis
635 1039 792 1074 habenae.
1002 1044 1105 1072 metas
1131 1040 1191 1072 tibi
1218 1046 1354 1082 tangere
1376 1040 1473 1074 vitae.

164 1140 220 1172 14.
247 1139 272 1171 O
298 1139 380 1170 mira
407 1138 608 1169 sollemnitas
869 1137 923 1171 17.
953 1138 1001 1170 Da
1029 1138 1151 1169 licitum
1179 1138 1339 1178 omnibus⁷

297 1187 427 1221 Domini
455 1187 584 1226 natam,
1000 1187 1135 1221 Doctor.
1163 1188 1259 1219 modo
1286 1196 1424 1229 quoquo,

247 1237 379 1277 Peperit
407 1246 469 1275 qua
496 1236 630 1267 castitas
952 1236 1015 1268 Pro
1042 1245 1102 1273 me,
1132 1246 1191 1277 pro
1218 1236 1387 1268 sodalibus

300 1285 462 1317 Christum
492 1285 672 1325 virginalis,
1002 1285 1099 1318 Unde
1125 1285 1229 1317 Deum
1257 1294 1346 1323 voco,

250 1335 418 1373 Particeps
447 1334 600 1365 divinitas
951 1334 1042 1373 Quod
1071 1343 1164 1366 veres
1192 1334 1232 1366 de
1260 1333 1380 1367 talibus

297 1383 350 1415 Fit
380 1383 464 1414 vitae
491 1382 651 1414 carnalis!
1002 1383 1111 1414 Aliter
1139 1383 1197 1414 sub
1225 1384 1306 1422 ioco,

247 1432 353 1464 Debet
380 1432 411 1463 in
441 1433 500 1463 hae
527 1432 631 1463 solitis
952 1430 1063 1464 Defuit
1092 1432 1145 1463 hie
1170 1442 1234 1464 uno

296 1491 401 1522 poena
429 1490 540 1512 carere
567 1481 671 1513 malis.
1003 1481 1100 1513 litera
1127 1485 1239 1513 nostra
1263 1481 1346 1514 loco.

322 1580 371 1612 Tu
398 1580 452 1618 qui
480 1585 595 1610 cuncta
623 1579 718 1621 regis,
747 1579 863 1620 dignus
891 1579 1075 1612 diademate
1103 1580 1198 1620 regis,

321 1628 381 1669 Qui
410 1628 505 1659 dator
533 1638 565 1659 es
593 1628 684 1669 legis,
712 1628 790 1660 mibi
818 1629 862 1660 sis
888 1632 1056 1670 protector
1082 1633 1113 1660 et
1141 1628 1239 1669 aegis,

227 1726 351 1754 collect.
375 1735 428 1752 ms.
451 1726 637 1752 Victorinum
668 1734 744 1753 saec.
772 1723 816 1753 13.
839 1723 880 1762 [et
906 1723 963 1761 14.]
995 1725 1068 1754 cod.
1092 1726 1220 1753 Pax-isin.
1243 1723 1352 1752 11412.
1376 1740 1414 1744 -
1438 1723 1462 1757 1,
1483 1724 1502 1753 4

149 1766 304 1793 Primitias
330 1767 387 1793 eui.
409 1780 447 1783 —
469 1763 494 1795 2,
518 1763 536 1791 3
551 1765 633 1791 Lies:
662 1765 824 1792 amabilis?
846 1780 883 1783 —
905 1763 932 1798 3,
955 1764 972 1792 7
990 1768 1176 1801 eognanteni.
1200 1779 1235 1783 —
1258 1766 1285 1796 fi,
1308 1763 1324 1791 7
1340 1766 1384 1792 Ne
1399 1768 1503 1793 nostra

149 1814 249 1842 quam¹
274 1822 307 1825 —-
333 1807 358 1838 (ἱ,
381 1806 398 1832 Β
418 1807 542 1831 sonatur
564 1806 594 1831 iu
616 1813 755 1840 aequore.
769 1819 807 1823 —
822 1803 849 1837 9,
871 1803 889 1831 2
903 1804 991 1832 nobis
1007 1804 1134 1832 scholar.
1156 1819 1191 1823 -
1212 1802 1256 1834 10.
1279 1802 1297 1831 4
1311 1804 1448 1832 sibidem.
1463 1819 1502 1825 —

151 1844 195 1878 15,
222 1844 234 1872 1
260 1845 434 1872 eminentia.
458 1860 491 1863 —-
519 1843 562 1872 lu,
584 1841 602 1871 8
624 1848 747 1879 tangere
768 1844 837 1880 lite3
859 1843 919 1880 vgl.
942 1844 993 1870 Nr.
1012 1842 1074 1876 101,
1097 1843 1155 1871 Str.
1173 1841 1217 1877 12,
1239 1841 1266 1870 8.

616 2003 680 2049 10¹3.
723 2017 838 2056 „Salus
860 2015 1030 2048 Paschae.“

496 2121 527 2154 1.
555 2120 698 2159 Tempus
724 2127 842 2150 novum
869 2120 1002 2149 renovat
1029 2117 1147 2155 omnia,

556 2170 725 2202 Renovata
751 2170 827 2198 sunt
851 2165 1055 2205 temporalia,

555 2217 729 2251 Faciamus
755 2214 941 2255 spiritualia

714 2263 887 2296 Renovari.

493 2367 525 2397 [Ο

557 2365 676 2396 Rerum
702 2360 788 2393 fetus
814 2360 967 2392 emittunt
991 2359 1147 2400 germina,

554 2413 811 2451 circumquaque
837 2408 1000 2450 pullulant
1025 2409 1158 2451 semina,

555 2462 730 2494 Puerorum
757 2457 907 2498 deposcit
931 2457 1039 2490 anima

713 2505 868 2548 spatiari.
