1650 2727
726 175 967 210 ,96-

197 273 238 305 V.
262 271 422 304 Gloriosa
461 272 549 306 dicta
583 277 661 306 sunt
699 273 738 306 de
770 277 812 313 te,

265 321 382 354 cir-itas
408 320 485 355 Dei.

206 421 239 452 2.
267 420 329 452 Dei
356 421 460 460 gratia
486 425 682 460 praeventus

315 470 459 501 Devotus
487 468 639 510 efficitur,

267 517 470 550 Salutaribus
496 518 640 550 intentus

315 567 459 606 Regulae
487 567 658 606 subicitur⁷

266 616 325 646 Yia
354 615 460 646 carnis
487 625 550 647 non
579 616 730 648 detentus

317 664 375 696 N'ia
403 663 525 695 Christi
553 665 711 703 graditur.

201 713 235 745 V.
264 712 306 743 In
335 722 397 752 qno
421 713 555 752 curristi?
573 713 811 746 adulesr'entior

266 762 350 791 riam
379 762 504 791 sunm?
537 761 570 792 in
598 761 808 794 rusrodiends)

264 819 428 842 sermones
454 811 537 841 tuos.

201 907 232 941 3
260 907 463 938 Adulescens
490 912 596 938 mente
623 908 726 938 cernit

318 955 464 987 Paradisi
491 955 618 995 gaudia⁷

218 994 225 1000 ⁹
269 1005 397 1045 Pauper
423 1004 564 1042 sepulcri
593 1003 739 1035 decernit

319 1052 435 1083 Videre
463 1053 634 1091 magnalia,

268 1101 341 1132 Vita
361 1100 499 1132 mundus
514 1101 667 1132 mundun]
684 1101 810 1140 spernit

334 1150 376 1180 Et
407 1153 576 1188 parentum
604 1149 751 1189 grandia.

195 1199 238 1230 V.
267 1199 393 1230 Beatus
434 1197 500 1237 vir,
542 1198 635 1230 cuins
671 1202 715 1230 est
751 1207 810 1229 au-

261 1247 378 1278 silium
399 1246 457 1277 abs
477 1248 517 1281 te,
547 1247 754 1278 ascensiones
772 1247 807 1278 in

263 1295 358 1327 corde
385 1303 444 1325 suo
480 1294 641 1334 disposuit
672 1296 706 1326 ivi
740 1294 808 1327 Ioco

263 1344 493 1374 lut-rimarum.

204 1443 236 1472 4.
266 1442 401 1471 Antrum
417 1448 576 1478 quaerens
588 1449 717 1472 caruem
729 1441 806 1472 terit

314 1488 421 1520 Mauri
448 1489 669 1527 contubernio,

265 1537 334 1568 Rex
362 1537 525 1575 ingressus
553 1537 637 1568 hunc
663 1538 789 1570 reducit

314 1585 516 1617 maceratum
544 1594 651 1617 eremo

265 1634 306 1665 Et
335 1635 367 1665 in
394 1634 575 1673 praesulem
604 1635 699 1675 elegit

312 1682 355 1714 Et
382 1682 570 1721 magistrum
596 1684 728 1724 populo.

197 1732 236 1763 V.
263 1731 432 1763 Dominus
456 1730 546 1762 dabit
566 1731 696 1763 verbum
714 1741 808 1763 evan-

262 1779 480 1821 9clizamibus
506 1780 624 1812 virtute
651 1781 765 1815 multa,

292 1936 335 1967 In
373 1936 403 1966 2.
443 1935 680 1970 Noc-turno.

386 2021 586 2057 Antiplwuae.

202 2121 234 2153 1.
263 2120 353 2152 Deus
380 2121 558 2159 praeclaris
586 2123 709 2155 meritis

313 2168 466 2201 Sanctum
493 2170 679 2203 mirificavit

260 2218 304 2250 Et
332 2217 479 2250 hostibus
506 2221 691 2258 perterritis

307 2267 456 2299 Electum
484 2267 681 2303 sublimavit.

200 2365 233 2398 2.
262 2365 394 2405 Beatus,
421 2374 515 2405 quem
547 2365 694 2406 elegeris,

312 2414 411 2454 Deus,
440 2413 480 2445 de
506 2415 619 2446 mundi
645 2423 777 2448 carcere

263 2463 395 2503 Beatus,
423 2472 516 2503 quem
543 2465 758 2505 assumpseris

314 2512 408 2546 Omni
436 2512 544 2546 deleto
570 2514 715 2548 erimine.

778 2443 787 2459 7

898 2085 937 2118 V.
965 2084 1007 2118 Os

912 276 945 308 3.
971 273 1115 307 Mundus
1149 273 1305 306 mundum
1331 273 1519 313 abhorruit,

1020 323 1064 357 Ut
1092 323 1209 355 cedrus
1235 322 1380 355 elevatus

968 373 1012 405 Et
1039 373 1122 404 sicut
1148 371 1259 411 palma
1284 370 1393 404 floruit

1020 422 1085 461 Spe
1108 421 1194 452 vitae
1221 420 1424 455 sublimatus.

910 511 942 541 4.
972 510 1080 542 Iustus
1106 507 1194 540 Deus
1221 508 1363 540 iustitias

1019 557 1111 590 Servi
1139 557 1189 588 sui
1216 557 1333 589 dilexit

969 606 1013 638 Et
1039 605 1081 638 ad
1109 606 1191 638 caeli
1219 606 1354 638 delicias

1018 654 1182 687 Dilectum
1209 664 1301 686 suum
1328 655 1426 686 vexit.

1085 771 1297 806 Responsoria.

910 841 939 872 1.
970 841 1153 872 veneratur
1178 840 1230 871 hic
1257 841 1396 872 dilectus

1016 890 1060 921 Et
1086 893 1181 928 pater
1206 888 1359 929 efficitur,

969 937 1095 971 Crescit
1122 946 1273 968 numerus
1300 938 1421 970 electus

1018 986 1060 1018 Et
1086 984 1153 1016 {ide
1177 986 1371 1026 concipitur,

969 1033 1107 1074 Templa
1131 1034 1239 1070 struit,
1265 1034 1324 1065 sed
1342 1034 1512 1074 perfectus

1017 1082 1158 1114 Humilis
1185 1083 1400 1122 cognoscitur.

901 1132 939 1164 V.
967 1132 1146 1164 Permanet
1192 1131 1225 1161 in
1267 1134 1434 1165 aeternum
1479 1132 1512 1163 in

968 1180 1138 1220 conspectu
1154 1179 1229 1216 Dei,
1245 1180 1512 1213 misericordiam

968 1231 998 1261 et
1018 1228 1184 1260 veritatem
1199 1229 1268 1260 eius
1284 1229 1340 1268 qui
1357 1230 1510 1270 requiret,

907 1317 939 1349 2.
967 1317 1090 1348 Mentis
1117 1315 1235 1347 fastum
1264 1316 1315 1347 hic
1344 1317 1512 1348 detestans

1017 1366 1081 1397 Dat
1110 1374 1238 1396 manum
1266 1365 1308 1396 ad
1336 1364 1434 1398 fortia

963 1414 1007 1446 Et
1024 1414 1163 1454 leprosis
1189 1418 1326 1444 stratum
1341 1418 1514 1454 praestans

1011 1463 1147 1494 Relevat
1174 1462 1346 1502 mancipia,

963 1511 1013 1542 De
1040 1510 1130 1542 silvis
1158 1510 1246 1551 ligna
1272 1516 1480 1551 sequestrans

1013 1560 1119 1592 Prava
1147 1558 1229 1598 fugit
1257 1559 1333 1591 otia.

896 1607 934 1638 V.
967 1608 1282 1647 Videampauperes
1297 1611 1325 1639 et
1339 1607 1512 1651 laetentur,

963 1655 1237 1698 quaeriteDeum,
1247 1660 1274 1688 et
1286 1657 1389 1689 reniet
1397 1657 1514 1690 animo

964 1708 1076 1737 ‘nostro
1097 1714 1164 1744 pru
1171 1716 1217 1738 ro.

906 1793 938 1825 3.
966 1792 1068 1825 Donis
1095 1793 1288 1833 prophetiae
1315 1795 1431 1834 plenus

1014 1841 1138 1873 Futura
1166 1843 1374 1882 praenuntiat

965 1889 1057 1931 Regi,
1085 1890 1143 1921 sed
1170 1897 1277 1922 mente
1303 1901 1437 1924 serenus

1016 1939 1148 1979 Populis
1174 1940 1327 1978 insinuat,

964 1988 1056 2027 Quod
1083 1987 1253 2020 seditionis
1283 1986 1409 2034 [genus]

1015 2037 1085 2069 Illis
1113 2039 1334 2078 superveniat.

1067 2085 1145 2117 iusti
1195 2087 1410 2120 meditabitur
1459 2097 1515 2120 sa-

959 2134 1138 2177 pientiam,
1168 2138 1197 2167 et
1222 2135 1339 2176 linqua
1365 2137 1436 2170 eins
1462 2137 1510 2169 lo—

965 2187 1082 2223 quetur
1110 2183 1282 2219 iudicium.

904 2272 937 2305 4.
965 2271 1066 2304 Sacra
1093 2271 1163 2302 dies
1189 2272 1362 2314 illucescit,

1012 2321 1081 2361 Quo
1108 2320 1159 2351 vir
1184 2327 1316 2354 sanctus
1343 2323 1498 2365 celebrat,

965 2368 1031 2402 Sed
1059 2368 1099 2401 de
1120 2374 1225 2401 morte
1243 2380 1318 2411 spes
1336 2373 1511 2413 accrescit,

1013 2417 1106 2458 Quod
1132 2418 1203 2458 ipse
1230 2421 1453 2460 praedixerat,

965 2466 1088 2500 Christi
1114 2467 1196 2499 fides
1221 2468 1307 2501 hunc
1333 2472 1449 2514 erexit,

1012 2516 1064 2549 Ne
1083 2513 1290 2561 quid[quam]
1310 2519 1375 2552 iam
1387 2521 1510 2557 timeat.
