1650 2727
366 263 511 299 Respons=
518 264 580 291 iria.

165 332 198 365 1.
225 332 410 375 Pontifices,
439 333 492 374 qui
521 339 675 366 venerant

275 382 330 415 Ad
358 382 421 414 viri
448 382 508 414 Dei
536 383 718 423 transitum,

223 431 429 464 Altercando
457 431 637 464 diviserant

270 480 360 512 Inter
386 489 420 512 se
445 481 549 520 patris
575 480 732 514 habitum.

148 525 193 562 V.
221 528 351 570 Reyimt
414 530 558 569 sumpsit
619 529 793 570 capsulam

221 580 413 610 sanctorum
475 577 634 618 reIIquias
689 578 791 611 conti-

222 630 362 660 nentem.

160 705 191 736 [Ο

220 704 416 745 Imperatrix
444 704 680 736 sanctissimum

222 753 348 793 Corpus
377 752 512 784 involvit
539 753 664 795 sericis,

226 803 316 841 Quod
348 801 525 833 transmisit
552 802 594 833 ad
623 801 747 834 Gallias

227 851 320 882 Victa
347 858 445 890 prece
472 850 645 889 pontificis.

855 262 899 299 V.
926 266 1116 307 Reque-erat
1143 265 1240 307 enim,
1271 267 1306 298 ut
1330 264 1425 306 ylcba
1441 263 1497 297 sui

930 315 1078 355 corporis
1114 314 1252 355 patriae
1294 313 1497 346 redderetur.

869 413 900 446 3.
927 413 1104 444 Pati-onum
1131 413 1260 452 excepit

975 462 1090 493 civitas
1117 461 1261 502 proprian,

927 509 1052 550 Sepulti
1079 510 1226 550 corporis

973 561 1081 590 custos
1105 559 1254 599 ecclesia,

923 607 1021 641 Cuius
1046 607 1212 639 miraculis

973 654 1076 696 fulget
1102 659 1133 687 et
1159 656 1273 696 gloria.

851 700 891 736 V.
920 705 1103 737 Personans
1129 703 1283 737 laudibus

977 753 1083 784 clerus
1107 762 1179 784 cuni
1205 754 1327 793 populo

927 801 1005 833 Ruit
1030 801 1159 833 obviam

977 849 1046 881 eius
1073 849 1232 882 vehiculo.

226 939 313 965 Brev.
335 935 531 964 Atrebatense
555 938 623 971 imp.
647 937 783 964 Atrebati
808 934 891 963 1595.
914 949 951 953 —
972 937 1014 963 In
1044 935 1068 962 l.
1097 936 1202 963 Noct.
1225 933 1251 962 A
1272 933 1305 968 2,
1333 931 1351 961 3
1373 934 1495 962 Praedi-

149 978 328 1004 cationibus.
353 975 377 1003 A
401 974 433 1005 2,
455 974 472 1002 5
495 984 536 1010 sq.
560 976 698 1002 Iustitiae
720 975 863 1010 pontifici.
888 991 922 994 —
945 974 1130 1011 Zugehorige
1152 975 1308 1009 Hymnen:
1335 973 1381 1000 Ad
1402 973 1493 1009 Vesp.

147 1021 175 1041 vt
199 1016 319 1042 Mamm:
346 1016 587 1049 „sanctorum
611 1016 759 1041 meritis
782 1035 788 1040 .
812 1036 818 1042 .
841 1035 846 1039 .
869 1033 876 1039 .

898 1022 1027 1040 vocum
1055 1013 1301 1045 concordia“;
1324 1012 1361 1039 ad
1382 1011 1492 1040 Laud.:

148 1055 242 1082 „Iste
272 1054 469 1081 confessor
499 1054 910 1088 n=‹·ritis1›1·aeclar11s⁴·
937 1052 1035 1084 (Anal.
1059 1053 1110 1082 xl,
1135 1051 1209 1081 146).

406 1186 453 1216 39.
496 1186 528 1216 ln
553 1186 776 1217 Translatione
799 1195 823 1217 s.
847 1185 1014 1217 Gertrudis
1036 1184 1237 1216 Nivcllensis.

279 1279 323 1309 Iu
363 1278 391 1310 1.
430 1274 654 1317 vesperis.

367 1334 567 1370 Antiphonae.

162 1406 194 1437 1.
225 1404 399 1437 Gertrudis
428 1402 510 1434 festa

270 1461 463 1485 veneremur
490 1461 646 1492 sacraque
673 1457 764 1493 gesta

321 1502 399 1533 Cum
426 1501 563 1533 laetitia.

223 1580 307 1612 Huic
335 1579 427 1611 viluit
454 1579 602 1615 mundus,

269 1628 390 1668 placuit
406 1636 505 1667 super
518 1628 625 1659 omnia
641 1628 789 1660 Christus

318 1678 355 1709 In
383 1676 552 1715 pudicitia.

160 1583 190 1612 [ζ

162 1757 193 1788 3.
222 1754 346 1795 Corpus
372 1754 557 1786 demacerat

272 1810 301 1835 et
327 1802 438 1835 muudi
466 1803 573 1834 lurida
600 1803 703 1835 calcat

320 1854 403 1884 Prae
429 1851 637 1886 abstinentia.

162 1934 192 1964 4.
220 1931 348 1962 Aetatis
375 1930 500 1960 iuvenis

269 1987 455 2017 annosaque
481 1983 588 2010 mente
615 1979 734 2020 pudica

319 2028 398 2060 Cum
427 2026 606 2067 diligentia.

159 2108 191 2138 εἴ».
220 2104 425 2146 Pauperibus
453 2105 570 2145 calida,

267 2155 377 2187 surdis
404 2154 575 2194 caecisque
602 2154 731 2186 medela

318 2204 381 2236 Per
407 2203 574 2237 miracula.

335 2289 379 2317 Ad
403 2289 588 2325 Magnificat.

143 2352 185 2383 A.
219 2351 300 2393 Ave,
330 2349 514 2387 Gertrudis‚
541 2350 631 2390 virgo
657 2356 760 2393 grata,

218 2399 270 2432 Ex
298 2398 399 2440 regali
425 2399 527 2439 stirpe
553 2403 640 2437 nata,

220 2449 386 2489 Leprosos
397 2448 553 2480 mundare
561 2457 622 2480 non
633 2449 786 2489 sprevisti

217 2498 359 2539 Propter
384 2506 527 2530 amorem
555 2497 628 2530 Iesu
647 2497 786 2541 Christi;

926 1277 1039 1309 Caecis
1068 1278 1150 1308 viam
1180 1276 1422 1318 demonstrasti,

925 1325 1129 1365 Pauperibus
1148 1335 1294 1357 nummos
1313 1325 1497 1363 collocasti,

927 1374 1051 1413 Quibus
1078 1379 1133 1405 tua
1160 1374 1303 1414 hospitia

923 1422 1052 1454 Dedisti
1078 1423 1280 1457 suavissima.

923 1471 948 1504 O
978 1471 1080 1510 virgo⁷
1107 1470 1252 1503 fideliter

921 1520 1048 1559 Oraque
1076 1520 1269 1559 suppliciter

921 1569 1039 1607 Iesum,
1068 1568 1194 1600 Mariae
1221 1568 1337 1607 filium,

923 1617 966 1649 Ut
994 1616 1088 1648 nobis
1117 1617 1173 1648 det
1200 1616 1377 1658 hospitium

922 1665 985 1697 Hic
1011 1670 1041 1696 et
1068 1666 1101 1697 in
1129 1675 1186 1697 suo
1212 1665 1336 1706 palatio

923 1715 1002 1746 Cum
1029 1718 1163 1746 aeterno
1190 1715 1321 1755 gaudio.

981 1841 1042 1873 Ad
1079 1842 1351 1874 Matutinum.

1059 1909 1282 1937 Iuvitatoriuui.

924 1988 961 2019 In
990 1988 1100 2019 cordis
1126 1987 1229 2020 iubilo

970 2036 1140 2068 laudemus
1169 2038 1458 2077 cunctipotentem,

920 2085 979 2124 Qui
1007 2084 1071 2116 sibi
1097 2085 1297 2118 Gertrudem

968 2134 1073 2165 iunxit
1093 2143 1191 2175 super
1208 2136 1317 2167 omnia
1331 2139 1491 2171 sanctam,

965 2252 1010 2284 In
1040 2252 1070 2286 1.
1100 2251 1334 2284 Nocturno.

1076 2320 1278 2356 Antiphonae.

864 2400 894 2431 1.
923 2398 1098 2432 Gertrudis
1124 2400 1249 2432 meritis

971 2448 1117 2481 vivamus
1144 2449 1268 2482 caelibe
1295 2450 1363 2483 vita

1022 2497 1085 2530 Per
1110 2500 1251 2534 saecula.
