1650 2727
697 188 742 195 —
795 167 965 204 179—

253 267 302 302 Ut
327 269 441 300 exutos
467 276 566 300 carne
590 268 683 308 gravi

253 315 410 357 Excipiat
434 317 510 349 aula
536 316 630 349 caeli.

367 413 581 448 Responsoria.

194 483 227 517 1.
253 483 352 516 Miles
377 481 497 516 Christi
524 482 675 524 gloriose,

252 531 374 565 Severe
399 531 616 570 sanctissime,

251 581 322 614 Tuo
348 581 403 621 pio
424 580 610 612 interventu

251 629 372 670 Culpas
397 633 527 661 nostras
554 629 662 669 ablue,

181 677 221 711 V.
248 678 295 712 Ut
321 678 472 710 caelestis
499 678 590 719 regni
617 679 729 711 sedem

251 727 426 760 Valeamus
452 727 622 761 scandere.

317 855 364 887 In
391 854 626 887 Laudibus

371 932 573 968 Antiphouae.

191 1011 222 1046 1.
251 1011 363 1044 Induit
389 1013 595 1053 omnipotens

300 1060 457 1093 virtutum
485 1061 622 1101 cyclade
650 1063 800 1093 sanctum

252 1109 418 1150 Severum,
447 1110 580 1150 pietatis
607 1119 689 1149 opus

302 1158 343 1190 de
369 1159 468 1191 eorde
493 1163 695 1199 sequentem.

191 1237 224 1271 2.
252 1237 395 1270 Servivit
422 1236 561 1269 Domino

299 1291 432 1318 sanctus
453 1285 627 1326 pangendo
643 1285 799 1318 sacerdos

251 1335 296 1368 Et
321 1335 440 1367 meruit
466 1339 640 1376 penetrare

300 1384 449 1425 polorum
477 1393 576 1424 regna
604 1383 711 1416 beata.

190 1464 224 1496 3.
250 1463 382 1495 Aurora
408 1470 524 1494 croceo

299 1511 379 1543 clari
407 1510 467 1542 sub
494 1511 636 1552 tegmine
662 1510 741 1543 solis

254 1561 418 1593 Pansante
442 1560 498 1591 hic
524 1558 687 1600 psallebat

302 1615 440 1641 ovanter
466 1609 611 1642 carmina
638 1608 780 1642 Christo.

187 1690 221 1722 4.
249 1687 407 1728 Pervigili
433 1690 565 1720 sanctus

297 1745 376 1769 cura
402 1735 543 1769 Severus
569 1736 654 1769 ovile

251 1785 376 1819 Christi
403 1786 640 1826 comissumque
665 1793 798 1827 gregem

295 1835 365 1867 sine
392 1834 466 1867 labe
491 1835 635 1876 regebat.

898 268 931 302 5.
958 266 1129 299 Laudibus
1154 267 1336 307 omnigenis

1006 314 1174 347 confessor
1201 316 1301 347 corde
1328 314 1478 356 canebat,

958 363 1024 397 Ore
1050 363 1147 395 etiam
1176 363 1317 396 Domino

1007 411 1152 452 psallens
1180 422 1242 444 non
1271 411 1460 446 deficiebat.

1055 517 1101 546 Ad
1123 518 1312 546 Benedictus.

883 587 925 621 A.
954 588 980 621 Ο
1008 588 1139 631 Severe,
1167 589 1243 629 tuis,

1005 638 1059 677 pie
1086 642 1218 679 pastor,
1247 637 1384 670 caelitus
1411 639 1505 677 assis,

958 687 1006 719 Te
1031 696 1206 719 memorem
1235 687 1337 719 nostri

1007 734 1107 767 faciat
1134 737 1309 768 clementia
1336 736 1471 777 Christi,

957 785 1007 816 Ac
1033 793 1094 825 per
1120 794 1201 824 eam,
1232 785 1373 828 Christe,

1007 833 1111 872 nobis,
1140 834 1293 875 petimus,
1322 835 1490 868 miserere.

1003 1001 1049 1033 In
1077 1002 1109 1034 2.
1137 1001 1365 1042 Vesperis.

1053 1078 1151 1113 Super
1173 1078 1320 1106 Psalmos.

886 1169 925 1200 A.
947 1167 1012 1199 Hic
1036 1167 1160 1199 athleta
1187 1171 1271 1206 tuus,

1008 1216 1148 1248 celebris
1175 1216 1298 1257 pietate
1321 1220 1490 1259 patronus,

961 1266 1038 1298 Post
1065 1265 1259 1297 invictorum

1011 1314 1190 1346 certamina
1217 1315 1314 1354 plena
1342 1314 1491 1346 laborum

960 1363 1082 1403 Migrat
1110 1364 1151 1395 ad
1180 1363 1350 1396 aethereas

1010 1412 1106 1444 hodie
1133 1413 1308 1453 gau-tiendo
1335 1413 1483 1446 choreas.

1058 1518 1104 1546 Ad
1126 1519 1269 1556 Magnific
1276 1522 1315 1547 at.

884 1589 926 1622 A.
954 1589 1166 1622 Exsultomus
1193 1589 1263 1622 Deo
1290 1599 1401 1622 omnes

958 1639 1054 1670 llunc
1073 1640 1104 1670 in
1124 1639 1246 1671 sanctis
1262 1639 1506 1680 collaudantes3

958 1688 984 1721 O
1010 1687 1130 1720 Severe
1156 1697 1259 1730 sacer,
1287 1697 1358 1727 ave,

958 1737 1076 1769 Preces
1103 1737 1191 1777 audi,
1221 1738 1333 1778 culpas
1363 1737 1446 1780 dele,

959 1786 1027 1818 Nos
1055 1787 1105 1818 his
1133 1786 1225 1818 festis
1254 1785 1307 1819 fac
1333 1788 1451 1819 adesse

956 1835 1000 1868 Et
1027 1836 1169 1868 aeternis
1197 1846 1261 1868 non
1290 1835 1416 1869 deesse.

226 1914 314 1941 Brev.
343 1913 375 1941 S.
403 1913 519 1941 Mariae
546 1912 749 1949 Erphordien.
778 1915 850 1950 imp.
872 1915 1096 1949 Nurembergae
1130 1912 1212 1942 1497.
1237 1915 1270 1941 A.
1293 1928 1330 1933 -
1353 1915 1440 1942 BreV.
1471 1914 1510 1942 ad

147 1961 262 1981 morem
296 1954 456 1982 Seven-iani
489 1952 619 1989 Collegii
649 1952 852 1990 Erphordien.
888 1955 960 1989 imp.
994 1953 1169 1990 Moguntiae
1207 1953 1292 1982 1513.
1326 1955 1359 1981 B.
1395 1969 1431 1974 ·—-
1466 1955 1509 1982 In

147 1991 175 2021 2.
197 1993 303 2021 Noct.
326 1990 355 2021 R
378 1991 406 2027 2,
431 1991 444 2019 1
468 1992 597 2020 sanctus
619 1991 749 2021 Severus
770 1993 806 2021 A.
829 2007 866 2011 —
888 1992 971 2020 Alles
995 1993 1060 2021 hier
1082 1993 1232 2021 Fehlende
1255 1995 1425 2030 prosaisch.

607 2127 656 2160 74.
699 2127 743 2160 ne
765 2130 874 2160 sancto
896 2128 1042 2160 Silii-edo.

283 2221 330 2254 In
361 2222 392 2256 1.
421 2221 649 2262 Vesperis.

338 2293 436 2331 Super
456 2293 603 2322 Psalmos.

171 2380 214 2415 A.
242 2380 280 2413 In
309 2380 358 2413 his
385 2380 488 2414 sacris
515 2379 696 2412 sollemniis

244 2429 400 2462 Exsultet
425 2429 500 2462 aula
527 2429 651 2461 caelica

241 2479 288 2512 Et
312 2479 475 2522 promptis
503 2477 679 2512 desideriis

242 2528 371 2570 Pangat
396 2529 450 2563 hic
476 2529 595 2561 chorus
622 2527 762 2567 cantica,

953 2222 1034 2254 Cum
1064 2223 1104 2254 de
1130 2222 1262 2255 Siffredi
1290 2222 1448 2263 praemiis

957 2272 1184 2304 Recensentur
1210 2272 1359 2306 mirifica.

1055 2399 1100 2426 Ad
1125 2398 1309 2435 Magnificat.

881 2478 924 2513 A.
952 2477 1103 2520 Siffrede‚
1130 2482 1239 2511 terror
1267 2479 1475 2519 daemonum,

956 2527 1046 2561 Dans
1073 2527 1241 2561 tribulatis
1268 2527 1401 2569 gaudia,

1268 2582 1328 2613 12*
