1650 2727
719 184 961 220 -84—

383 282 428 310 Ad
451 283 591 310 Tertiam.

194 343 236 375 A.
267 341 402 374 Clausus
427 343 493 374 exit
517 352 534 374 e
561 351 704 382 carcere,

311 390 408 432 Fugit
435 391 476 423 ab
505 392 668 432 ergastulo

264 440 376 472 Sancti
404 440 466 472 Dei
494 449 625 472 munere

312 487 410 520 Liber
434 499 452 521 a
479 489 632 529 periculo.

385 575 428 602 Ad
452 576 581 602 sextam.

194 635 237 666 A.
266 634 449 673 Religatum
476 635 508 665 in
537 634 658 666 catenis

316 682 393 714 Yisu
419 688 549 714 sanctus
575 683 704 722 eripuit,

266 730 417 763 Liberum
445 741 463 763 a
492 731 572 763 diris
598 732 710 771 poenis

312 778 384 811 Suis
412 789 482 811 eum
510 779 661 813 restituit.

386 867 407 892 A
413 866 431 892 d
452 866 478 892 N
481 874 578 892 onam.

194 926 234 957 A.
261 924 358 964 Quasi
384 926 487 956 omnis
515 924 638 964 gratiae

308 973 400 1005 Dono
428 974 595 1004 invocatus

261 1020 396 1052 Cuidam
425 1022 602 1052 custodiam

313 1069 449 1101 Reserat
477 1070 601 1101 beatus.

295 1193 341 1225 In
378 1197 409 1229 2,
447 1195 666 1234 Vesper-is.

382 1261 580 1297 Antiphnnae.

202 1333 232 1363 1.
261 1330 371 1362 Sancti
398 1331 560 1362 mirabilia

260 1380 420 1412 Canamus
448 1378 652 1418 multiplicia,

259 1427 427 1459 Privatum
453 1427 576 1458 cunctis
604 1427 752 1459 sensibus

261 1475 334 1508 Suis
361 1476 504 1508 reddidit
533 1476 655 1509 usibus.

910 284 942 317 2.
973 283 1114 315 Visitans
1142 283 1246 314 sancti
1273 281 1385 313 limina

966 332 1141 365 Contracta
1167 340 1264 363 manu
1291 329 1413 362 femina

965 382 1045 414 Cum
1071 379 1222 412 sanitatis
1249 379 1355 420 gratia

966 430 1067 461 Laeta
1093 429 1180 460 redit
1207 429 1248 461 ad
1276 427 1423 469 propria.

904 527 936 559 3.
965 527 1123 558 vexatam
1149 535 1169 556 a
1196 524 1367 557 daemonio

963 575 1135 607 Mulierem
1161 574 1343 615 septennio.

963 624 1078 655 Latam
1104 623 1136 654 in
1163 623 1317 660 oratorio,

961 671 1024 704 Suo
1052 675 1143 703 curat
1169 671 1332 712 suffragio.

903 772 935 801 4.
964 769 1138 808 Leprosum,
1166 769 1214 800 sui
1242 768 1380 799 similem

963 818 1066 849 Cerae
1094 816 1202 848 ferens
1229 817 1414 857 imaginem,

962 865 1100 897 Curatus
1126 865 1193 905 agit
1218 866 1340 906 gratias

963 914 1082 946 Sancto
1109 912 1256 952 Galgano
1282 913 1409 945 nimias.

1058 1017 1103 1044 Ad
1125 1018 1308 1053 Magnifivat.

893 1089 933 1119 A.
961 1086 1151 1127 Magnificat
1178 1087 1342 1118 miraculis

961 1132 1142 1179 [Sanctum]
1171 1144 1279 1167 coram
1306 1136 1409 1167 oculis

1009 1184 1166 1216 Dominus
1194 1185 1405 1226 cernentium,

961 1233 1084 1272 Capitis
1111 1241 1245 1265 servans
1274 1234 1425 1265 decorem

960 1281 1158 1313 Devotorum
1185 1282 1227 1313 ad
1255 1282 1408 1314 honorem

1010 1330 1079 1362 Sibi
1105 1329 1340 1371 famulantium,

963 1379 1025 1410 Per
1051 1380 1155 1418 ipsum
1184 1379 1414 1418 languentibus

962 1427 1094 1459 Cunctis
1121 1435 1156 1458 se
1181 1428 1368 1466 petentibus

1012 1476 1101 1507 Dans
1129 1475 1244 1508 salutis
1271 1477 1436 1517 gaudium.

240 1560 294 1587 Off.
323 1570 374 1587 ms.
403 1562 531 1588 Faustae
559 1562 594 1588 de
622 1562 794 1589 Beccarinis
824 1563 855 1588 in
879 1562 1008 1589 Monast.
1030 1562 1117 1588 Visit.
1141 1562 1170 1588 S.
1192 1561 1232 1589 M.
1255 1563 1290 1588 V.
1312 1562 1393 1590 [Οι-ᾶ.
1415 1563 1511 1598 Cist.)

162 1608 239 1627 saec.
265 1598 307 1626 16.
331 1600 400 1627 Cod.
423 1603 529 1628 Senem.
556 1601 578 1627 F
600 1601 641 1627 vt
663 1600 709 1628 22.

525 1742 572 1774 33.
614 1743 646 1774 111
670 1743 893 1775 Translatione
916 1752 939 1775 s.
963 1743 1154 1784 Gengulplii.

298 1833 359 1864 Ad
386 1834 661 1875 Magnificat.

187 1902 227 1934 A.
256 1901 442 1933 Recolenda
470 1902 601 1942 gloriosi

309 1949 494 1991 Gengulphi
520 1953 695 1990 praeconia

261 1999 325 2030 Pro
353 2004 426 2030 voto
458 1998 566 2042 [hunc]
593 2001 799 2040 personando

308 2047 451 2079 celebrat
479 2048 627 2082 ecclesia.

260 2095 319 2128 Cui
345 2097 525 2138 congaudet
552 2097 583 2127 in
612 2099 748 2130 excelsis

308 2146 496 2186 angelorum
524 2146 624 2185 curia,

260 2192 422 2226 Coronato
448 2199 521 2234 post
548 2203 681 2235 agonem

310 2243 498 2282 triumphali
524 2243 638 2283 gloria.

297 2349 360 2383 Ad
387 2350 663 2384 Matutinum.

370 2408 592 2435 Invitatorium.

258 2467 374 2501 Contio
400 2472 511 2500 nostra
538 2467 607 2500 Deo

309 2515 450 2550 iubilans
467 2517 524 2558 pia
541 2519 615 2549 vota
629 2518 800 2560 rependat,

962 1836 1024 1867 Per
1050 1845 1143 1876 quem
1172 1836 1330 1877 martyrio

1009 1884 1221 1925 Gengulphus
1232 1886 1265 1917 in
1275 1894 1336 1918 axe
1347 1890 1508 1919 coruscat.

999 2011 1045 2043 In
1076 2013 1105 2045 1.
1134 2011 1372 2046 Nocturno.

1085 2077 1286 2113 Antiphonae.

903 2157 934 2189 1.
963 2157 1085 2189 Beatus
1113 2157 1163 2188 vir
1189 2157 1362 2198 insignitus

1012 2205 1101 2238 clara
1126 2206 1231 2246 stirpe
1256 2208 1422 2247 germinis,

963 2255 1140 2294 Tamquam
1154 2254 1276 2295 lignum
1294 2256 1379 2288 vitae
1389 2254 1509 2291 florens

1011 2304 1045 2335 in
1072 2303 1213 2336 decursu
1237 2303 1393 2346 fluminis,

962 2353 1119 2386 Fructum
1146 2352 1239 2386 dedit
1264 2358 1341 2386 ante
1366 2354 1472 2387 Deum
1518 2356 1530 2364 ‘

1011 2401 1146 2442 pretiosi
1175 2403 1353 2444 sanguinis.

903 2469 936 2503 2.
964 2469 1182 2512 Disciplinam
1208 2471 1462 2512 apprehendens

1010 2518 1166 2559 puritatis
1192 2520 1300 2552 animo
