1650 2727
198 241 232 274 9.

183 437 239 470 10.

172 631 229 667 11.

178 829 232 861 12.

174 1026 231 1058 13.

172 1221 228 1254 14.

173 1418 228 1452 15.

173 1615 229 1648 16.

172 1811 227 1845 17.

173 2008 230 2044 18.

174 2207 229 2242 19.

169 2407 228 2442 20.

715 164 763 172 ..-
813 145 858 183 77
913 167 957 172 -

882 245 940 277 21.

261 240 327 276 Cur
353 251 440 284 ergo,
468 247 630 285 creatura,

257 289 334 324 Non
360 291 482 324 militas
508 300 634 332 secura,

258 339 339 372 Cum
365 341 410 373 sis
437 340 499 373 hoc
525 341 712 383 adeptura?

267 438 367 477 Quam
398 438 478 470 bene
503 439 606 471 servit
631 439 718 479 patri

258 487 372 519 Proles
400 486 517 520 devota
544 488 652 527 matri,

258 535 313 568 Sic
339 536 502 576 placitura
529 534 643 568 fratri!

258 632 409 666 Christus
435 637 509 664 tuus
536 636 586 664 est
609 636 716 676 pater,

255 681 326 722 Ipsi
353 685 426 713 sunt
453 681 513 713 tibi
540 686 654 721 mater,

254 729 314 762 His
343 734 377 762 tu
404 739 498 763 soror
521 735 552 762 et
581 729 694 764 frater.

262 828 350 867 Nati,
378 834 493 870 parete
514 831 614 869 patri,

258 877 337 915 Fili,
365 886 520 911 succurre
546 878 655 917 matri,

260 926 407 970 Fratres,
437 927 557 960 servite
585 927 691 962 fratri.

261 1022 375 1070 [U]rbs
402 1027 500 1067 regia,
529 1027 681 1067 gaudeto,

259 1075 368 1107 Corde
394 1076 517 1108 resulta
545 1076 631 1108 laeto

258 1124 302 1156 Et
330 1133 444 1156 secura
470 1129 610 1158 maneto.

257 1222 327 1254 Rex
353 1222 528 1262 praecipit,
556 1227 590 1254 ut
617 1226 730 1264 gentes

257 1271 385 1303 Gladiis
412 1272 590 1303 renitentes

255 1320 302 1352 Te
329 1320 461 1352 visitent
488 1321 678 1362 gaudentes

260 1418 445 1450 Procedant
470 1419 563 1459 ipsae
589 1422 679 1451 tutae

260 1467 359 1508 Signo
387 1468 492 1499 crucis
518 1467 664 1508 indutae,

258 1517 348 1550 Caeli
376 1525 484 1557 regem
512 1520 655 1550 secutae.

258 1615 388 1648 Lancea
414 1616 500 1656 regis
526 1616 606 1648 caeli

257 1664 358 1697 Genti
384 1665 482 1697 datur
507 1665 610 1708 fideli,

258 1714 301 1747 Ut
329 1714 371 1746 sit
397 1723 485 1747 mors
509 1713 647 1747 infideli.

257 1811 376 1845 Coetus
403 1810 674 1852 Christianorum,

256 1862 321 1894 Pro
348 1861 441 1893 vobis
467 1866 555 1894 stant
583 1864 773 1894 cunctorum

258 1910 418 1944 Catervae
444 1920 648 1952 superorum.

258 2009 344 2049 Quid
370 2009 472 2052 igitur
496 2010 644 2043 timetis?

256 2058 373 2092 Nonne
399 2059 498 2101 plane
524 2060 657 2102 videtis,

253 2109 343 2150 Quae
370 2109 458 2142 dona
485 2110 649 2151 capietis?

259 2209 353 2241 Iussa
379 2208 466 2249 regis
492 2209 709 2250 complentur,

255 2257 387 2290 Servuli
413 2259 631 2298 gratulentur,

257 2308 320 2340 Per
345 2316 426 2348 quos
453 2307 563 2340 hostes
591 2309 754 2344 delentur.

257 2407 328 2440 Rex
355 2410 482 2448 pugnat
507 2410 540 2439 et
566 2406 749 2449 praecedit,

256 2456 311 2489 Sic
336 2465 425 2488 mors
452 2455 612 2489 neminem
640 2456 754 2497 laedit,

257 2505 320 2546 Qui
345 2505 494 2546 moritur,
523 2505 598 2539 dum
627 2505 746 2540 caedit.

883 440 942 473 22.

881 634 939 667 23.

885 832 944 865 24.

880 1028 938 1063 25.

881 1223 938 1256 26.

883 1419 940 1451 27.

880 1617 937 1649 28.

882 2012 943 2046 30.

881 2209 938 2243 31.

884 2407 942 2441 32.

968 244 994 277 O
1019 245 1104 277 mira
1130 245 1183 278 lex
1210 245 1360 278 vivendi!

968 292 1019 325 De
1047 302 1124 326 casu
1150 294 1313 327 moriendi

969 342 1024 374 Ius
1051 341 1155 374 oritur
1181 343 1348 375 nascendi.

971 439 1149 472 Ierusalem
1176 442 1335 472 terestris.

970 488 1171 529 Principium
1199 489 1359 529 caelestis,

968 536 1110 570 Laetare
1137 537 1229 570 novis
1257 536 1360 571 festis.

968 634 1064 668 Felix
1091 638 1139 666 est
1164 635 1221 666 ille
1248 635 1383 671 mensis,

965 683 1034 723 Quo
1061 688 1094 715 te
1121 687 1248 716 tuorum
1277 684 1363 716 ensis

967 731 1065 764 Eruit
1091 732 1132 764 ab
1159 731 1306 766 infensis.

972 831 1085 863 Iunius
1111 831 1296 869 obsidendi,

972 880 1074 913 Iulius
1102 881 1254 921 capiendi

970 930 1024 962 Ius
1053 930 1143 961 dedit
1172 936 1203 961 et
1229 930 1404 970 gaudendi.

968 1027 1021 1060 Ab
1049 1033 1121 1060 ortu
1150 1028 1367 1068 redemptoris

967 1077 1021 1110 Ad
1049 1078 1109 1110 hoc
1137 1083 1266 1118 tempus
1295 1078 1427 1110 lionoris

969 1125 1074 1158 Certis
1102 1126 1237 1159 maturis
1265 1127 1353 1158 horis

967 1223 1055 1256 Anni
1083 1225 1209 1255 centeni
1238 1222 1362 1255 fructus

967 1272 1131 1306 Undecies
1158 1273 1313 1305 reductus

966 1320 1071 1354 Diluit
1097 1332 1208 1354 omnes
1232 1322 1350 1357 luctus,

969 1419 1069 1452 Sexta
1096 1419 1148 1451 die
1175 1429 1362 1460 suspensuS‚

969 1469 1067 1501 Sexta
1096 1467 1157 1500 fuit
1184 1468 1336 1502 defensus

967 1517 1048 1550 Eius
1075 1519 1164 1550 locus
1191 1519 1377 1552 immensus,

967 1616 1126 1650 Meridies
1155 1618 1231 1650 dum
1257 1618 1421 1660 splendet,

970 1666 1123 1699 Christus
1148 1667 1182 1699 in
1209 1676 1305 1699 cruce
1331 1668 1466 1708 pendet,

967 1715 1009 1750 Ut
1036 1717 1083 1748 sic
1110 1725 1185 1748 suos
1212 1718 1374 1750 emendet.

968 1813 1056 1848 Urbs
1084 1814 1214 1854 capitur
1240 1814 1300 1846 hac
1328 1815 1426 1855 hora3

966 1862 1065 1896 Nulla
1094 1864 1137 1896 sit
1163 1872 1240 1905 ergo
1266 1873 1365 1904 mora,

966 1911 1091 1946 Nostra
1115 1913 1158 1944 sit
1184 1923 1247 1946 vox
1274 1923 1403 1953 canora,

971 2011 1018 2046 Ut
1043 2013 1115 2053 ipse
1142 2012 1209 2045 dux
1236 2013 1400 2054 laudetur,

969 2061 1031 2101 Qui
1058 2061 1148 2101 facit,
1176 2067 1211 2094 ut
1237 2062 1366 2095 iuvetur

969 2110 1057 2144 Urbs
1084 2111 1153 2143 eius
1180 2116 1211 2144 et
1238 2112 1389 2145 laetetur.

966 2209 1041 2242 Rivi
1069 2209 1174 2242 fluunt
1199 2212 1324 2243 cruoris

968 2260 1147 2292 Ierusalem
1174 2260 1207 2292 in
1234 2261 1344 2299 moris,

965 2308 1050 2341 Dum
1079 2309 1166 2350 perit
1192 2317 1271 2351 gens
1298 2309 1431 2349 erroris,

970 2407 1016 2441 Et
1042 2408 1156 2449 templi
1183 2408 1404 2450 pavimentum

965 2455 1122 2490 Efficitur
1147 2461 1317 2490 cruentum

969 2507 1093 2540 Cruore
1119 2507 1324 2540 morientum.
