1650 2727
603 127 908 178 '-126-

318 243 531 280 Responsoria.

152 325 183 357 1.
211 323 342 356 Educta
368 323 409 355 de
435 331 566 355 carcere

253 372 383 405 Summe
410 371 615 403 verberatum

206 421 322 453 Trahit
349 420 410 452 Dei
436 428 567 452 munere

255 469 452 502 Daemonem
481 469 628 508 limatum,

206 519 244 552 In
271 519 372 550 lutum
401 518 582 558 proicien53

142 568 178 602 V.
210 567 309 607 Vade,
337 566 451 606 inquit,
479 567 510 598 in
539 564 713 606 infernum,

208 615 411 648 Christianos
437 615 469 646 in
497 618 665 646 aeternum

259 665 363 701 Sinas,
392 664 442 695 leo
470 663 610 702 rugiens

152 754 184 785 2.
212 750 442 790 Praeceptoris
469 749 607 789 imperio

210 800 294 832 Rota
321 798 454 839 grandis
481 798 627 838 erigitur,

214 849 250 882 Iu
278 850 347 889 ipsu
376 848 450 879 dum
478 846 666 879 extenditur

213 896 408 929 carnificum
437 894 547 927 officio

262 946 344 977 Tota
371 948 624 983 conquassatur;

148 997 183 1029 V.
211 995 355 1033 Angelus
383 993 490 1024 statim
518 990 635 1028 adfuit,

215 1043 329 1075 Rotam
356 1042 444 1072 illam
474 1039 672 1077 comminuit,

264 1091 341 1122 Mox
372 1090 461 1129 virgo
489 1088 659 1120 liberatur.

157 1180 187 1211 3.
217 1177 360 1210 Numero
385 1176 550 1217 quingenti
578 1174 639 1206 viri

217 1226 315 1266 Signo
343 1226 412 1256 viso
438 1225 521 1255 tanti
548 1224 622 1255 miri

266 1274 306 1306 Se
333 1272 479 1305 fecerunt
507 1271 679 1313 baptizari,

266 1323 327 1362 Qui
352 1327 425 1353 sunt
452 1321 531 1352 iussi
559 1320 736 1358 decollari3

152 1373 187 1403 V.
217 1371 352 1403 Centum
380 1370 513 1409 triginta
541 1367 680 1400 feminae

219 1419 427 1451 Confidentes
453 1418 487 1449 in
514 1417 638 1457 virgine

269 1467 355 1499 Viris
382 1471 495 1506 petunt
524 1466 654 1497 sociari.

162 1549 194 1579 4.
224 1545 348 1578 Iuliana
375 1545 416 1576 ad
444 1543 620 1583 praemium

272 1594 370 1632 Virgo
397 1596 603 1633 praesentata

224 1641 339 1683 Capite
365 1641 530 1672 minuitur.

225 1691 350 1731 Corpus
378 1694 485 1722 terrae
510 1688 677 1731 linquitur,

271 1738 389 1771 Anima
416 1747 529 1770 secura

225 1788 329 1821 Intrat
358 1786 438 1819 caeli
465 1786 636 1826 gaudiun13

159 1838 196 1870 V.
225 1837 356 1870 Christo
383 1840 489 1867 mente
513 1843 642 1875 semper
659 1834 769 1866 iuncta

227 1885 301 1917 Vita
326 1884 404 1916 vivit
433 1884 498 1915 vita
526 1882 648 1915 functa.

291 2003 334 2034 In
370 2000 606 2033 Laudibus,

316 2068 412 2102 Super
433 2067 579 2094 Psalmos.

155 2149 196 2180 A.
226 2147 382 2180 Dominus
409 2145 634 2179 fortitudinem

276 2197 422 2229 Iulianae
447 2195 573 2234 tribuit,

229 2244 364 2284 Quando
392 2243 512 2276 nullam
539 2242 749 2284 gravedinem

275 2294 523 2326 Tormeutorum
550 2292 667 2325 timuit.

1001 237 1047 266 Ad
1068 235 1258 265 Benedictus.

835 301 876 335 A.
904 297 983 331 Flos
1009 297 1136 330 Iuliana
1162 295 1333 336 virginum,

909 347 973 380 Ora
1001 356 1060 388 pro
1086 345 1179 378 nobis
1205 344 1391 381 Dominum,

959 396 1024 429 Pro
1050 394 1154 435 nobis,
1183 395 1275 433 virgo
1301 390 1436 433 Christi,

910 444 957 477 Ut
983 444 1095 476 mundi
1122 447 1197 483 post
1222 440 1374 474 exsilium

912 494 1073 525 Intremus
1100 493 1181 524 caeli
1208 490 1372 532 gaudium,

961 542 1102 583 Martyr‚
1131 539 1217 581 quod
1244 537 1402 571 meruisti.

1013 668 1090 700 Per
1114 666 1264 698 Horas.

1031 729 1075 756 Ad
1097 729 1237 757 Primam.

843 791 884 826 A.
911 790 1002 822 Haec
1028 792 1077 820 est
1104 788 1194 829 virgo
1220 789 1350 828 sapiens

964 839 1016 871 De
1042 846 1175 869 numero
1200 837 1408 879 prudentum,

915 886 1041 919 Devote
1069 886 1255 917 custodiens

966 935 1154 974 virgineum
1182 933 1350 966 talentum.

1034 1011 1078 1038 Ad
1100 1011 1242 1039 Tertiam.

847 1075 887 1105 A.
915 1072 981 1104 Ista
1009 1071 1100 1111 virgo
1126 1070 1256 1110 sapiens

968 1121 1105 1152 Inventa
1131 1119 1319 1158 margarita,

919 1169 1087 1201 Mundana
1115 1167 1300 1208 despiciens

969 1217 1183 1257 Comparavit
1209 1217 1266 1248 ita.

1048 1294 1094 1321 Ad
1116 1293 1246 1321 Sextam.

851 1356 891 1388 A.
923 1353 1097 1386 Benedixit
1125 1357 1304 1385 creatorem

973 1402 1045 1434 Suis
1075 1397 1140 1445 [in]
1165 1401 1330 1441 operibus,

927 1450 1124 1491 virginalem
1151 1459 1285 1482 servans
1311 1447 1435 1488 florem,

971 1499 1090 1532 Datum
1119 1499 1199 1530 caeli
1226 1499 1361 1531 civibus.

1052 1576 1097 1603 Ad
1118 1575 1245 1602 Nonam,

857 1638 898 1670 A.
925 1636 998 1668 Duo
1025 1635 1148 1666 minuta
1175 1635 1322 1675 protulit⁷

926 1685 1018 1724 Quod
1045 1688 1093 1715 est
1119 1684 1295 1723 quadrans,
1322 1683 1453 1723 obtulit,

928 1733 1054 1774 Corpus
1081 1732 1251 1764 tormentis
1278 1732 1428 1774 tradidit,

924 1782 1077 1814 Animam
1104 1781 1193 1813 caelo
1220 1781 1379 1815 reddidit.

970 1881 1016 1913 In
1044 1880 1076 1913 2.
1104 1879 1331 1920 Vesperis.

1027 1941 1072 1967 Ad
1093 1940 1275 1977 Magnis-irat.

854 2000 896 2034 A.
925 1999 1095 2032 Glorificat
1123 1999 1288 2032 miraculis

977 2049 1134 2081 lulianam
1163 2049 1328 2093 diviuitas,

931 2098 968 2130 In
995 2107 1058 2138 qua
1086 2097 1205 2129 divinis
1232 2098 1334 2130 oculis

978 2146 1065 2178 Mira
1092 2145 1183 2178 fulsit
1210 2146 1363 2186 fidelitas,

929 2194 1030 2234 Quam
1057 2195 1234 2235 gratiarum
1260 2195 1364 2228 titulis

930 2243 1125 2276 Sollemnem
1153 2242 1231 2276 fecit
1255 2244 1387 2286 populis

980 2291 1160 2333 virginalis
1186 2293 1367 2334 integritas.

209 2371 293 2401 Offic.
323 2379 376 2398 ms.
406 2371 533 2398 1-austae
563 2369 599 2397 de
621 2368 798 2398 Beecarinis
826 2370 858 2397 in
878 2369 1009 2398 Monast.
1031 2370 1152 2398 Visitat.
1173 2370 1268 2398 BMV.
1290 2370 1371 2403 tOrd.
1394 2372 1481 2407 cist.)

133 2421 211 2441 saec.
234 2408 280 2440 16.
303 2409 374 2438 Cod
396 2410 504 2438 Seueri.
523 2409 545 2437 l:
559 2407 664 2437 V.122
685 2426 722 2429 —
741 2409 784 2437 Iu
810 2408 834 2436 1.
849 2409 877 2436 V
886 2418 948 2446 esp
952 2406 1012 2442 .,R
1032 2407 1051 2436 3
1072 2409 1206 2438 tradidit
1221 2411 1317 2438 -In
1334 2409 1359 2438 l.
1373 2411 1484 2440 Noet.

130 2453 156 2482 A
178 2450 210 2484 4
241 2448 255 2478 1
278 2458 345 2487 vir
346 2450 432 2477 ineis.
452 2463 491 2468 —
513 2448 537 2478 Α
560 2447 593 2480 5,
621 2447 640 2475 3
661 2448 687 2476 Ε
709 2449 814 2486 patris.
839 2464 873 2468 —
895 2448 922 2478 A
930 2418 970 2481 p5,
990 2430 1012 2476 4
1030 2448 1156 2477 faciens
1178 2458 1275 2478 mane.
1298 2465 1336 2470 —-
1360 2448 1390 2479 R
1410 2450 1439 2486 3,
1459 2449 1478 2480 8

134 2491 276 2520 caedibus
297 2489 389 2518 laesa.
408 2503 445 2508 —-
460 2486 490 2517 R
511 2488 537 2522 4,
561 2486 579 2516 3
595 2489 656 2516 Sua
677 2496 793 2517 caecus.
808 2488 903 2516 ——ln
923 2485 950 2517 3.
966 2489 1072 2516 Noct.
1087 2486 1117 2517 R
1139 2487 1165 2522 1,
1188 2486 1206 2516 2
1226 2490 1426 2519 verberatam.
