<?xml version="1.0" encoding="UTF-8"?>
<!DOCTYPE html PUBLIC "-//W3C//DTD XHTML 1.0 Transitional//EN"
    "http://www.w3.org/TR/xhtml1/DTD/xhtml1-transitional.dtd">
<html xmlns="http://www.w3.org/1999/xhtml" xml:lang="en" lang="en">
 <head>
  <title>
</title>
<meta http-equiv="Content-Type" content="text/html;charset=utf-8" />
  <meta name='ocr-system' content='tesseract 3.04.00' />
  <meta name='ocr-capabilities' content='ocr_page ocr_carea ocr_par ocr_line ocrx_word'/>
</head>
<body>
  <div class='ocr_page' id='page_1' title='image "./lta-2000/analectahymnica45drevuoft/analectahymnica45drevuoft_0061.png"; bbox 0 0 1650 2727; ppageno 0'>
   <div class='ocr_carea' id='block_1_1' title="bbox 702 158 942 194">
    <p class='ocr_par' dir='ltr' id='par_1_1' title="bbox 702 158 942 194">
     <span class='ocr_line' id='line_1_1' title="bbox 702 158 942 194; baseline -0.004 -9"><span class='ocrx_word' id='word_1_1' title='bbox 702 158 942 194; x_wconf 83' lang='grc'>-58-</span> 
     </span>
    </p>
   </div>
   <div class='ocr_carea' id='block_1_2' title="bbox 247 257 720 388">
    <p class='ocr_par' dir='ltr' id='par_1_2' title="bbox 247 257 720 388">
     <span class='ocr_line' id='line_1_2' title="bbox 248 257 717 299; baseline 0.002 -10"><span class='ocrx_word' id='word_1_2' title='bbox 248 257 313 290; x_wconf 89' lang='lat' dir='ltr'>Pro</span> <span class='ocrx_word' id='word_1_3' title='bbox 341 257 434 290; x_wconf 84' lang='lat' dir='ltr'>nobis</span> <span class='ocrx_word' id='word_1_4' title='bbox 462 258 531 291; x_wconf 88' lang='lat' dir='ltr'>Deo</span> <span class='ocrx_word' id='word_1_5' title='bbox 558 258 717 299; x_wconf 73' lang='lat' dir='ltr'>supplica,</span> 
     </span>
     <span class='ocr_line' id='line_1_3' title="bbox 247 305 720 349; baseline 0 -11"><span class='ocrx_word' id='word_1_6' title='bbox 247 305 365 338; x_wconf 85' lang='lat' dir='ltr'>Sancte</span> <span class='ocrx_word' id='word_1_7' title='bbox 391 312 494 349; x_wconf 86' lang='lat' dir='ltr'>pater,</span> <span class='ocrx_word' id='word_1_8' title='bbox 523 312 554 340; x_wconf 89' lang='lat' dir='ltr'>et</span> <span class='ocrx_word' id='word_1_9' title='bbox 583 307 720 339; x_wconf 85' lang='lat' dir='ltr'>vendica</span> 
     </span>
     <span class='ocr_line' id='line_1_4' title="bbox 296 355 650 388; baseline -0.006 0"><span class='ocrx_word' id='word_1_10' title='bbox 296 356 469 388; x_wconf 83' lang='lat' dir='ltr'>Laetitiam</span> <span class='ocrx_word' id='word_1_11' title='bbox 498 355 650 388; x_wconf 84' lang='lat' dir='ltr'>futuram.</span> 
     </span>
    </p>
   </div>
   <div class='ocr_carea' id='block_1_3' title="bbox 246 404 788 495">
    <p class='ocr_par' dir='ltr' id='par_1_3' title="bbox 246 404 788 495">
     <span class='ocr_line' id='line_1_5' title="bbox 249 404 747 443; baseline 0.002 -8"><span class='ocrx_word' id='word_1_12' title='bbox 249 404 275 436; x_wconf 96' lang='grc' dir='ltr'>Ο</span> <span class='ocrx_word' id='word_1_13' title='bbox 303 413 396 443; x_wconf 80' lang='lat' dir='ltr'>quam</span> <span class='ocrx_word' id='word_1_14' title='bbox 425 404 504 437; x_wconf 81' lang='lat' dir='ltr'>felix</span> <span class='ocrx_word' id='word_1_15' title='bbox 530 405 590 437; x_wconf 85' lang='lat' dir='ltr'>Dei</span> <span class='ocrx_word' id='word_1_16' title='bbox 618 405 747 443; x_wconf 79' lang='lat' dir='ltr'>donum,</span> 
     </span>
     <span class='ocr_line' id='line_1_6' title="bbox 246 452 788 495; baseline 0.002 -12"><span class='ocrx_word' id='word_1_17' title='bbox 246 453 339 492; x_wconf 66' lang='lat' dir='ltr'>Quod</span> <span class='ocrx_word' id='word_1_18' title='bbox 354 462 495 495; x_wconf 82' lang='lat' dir='ltr'>perenne</span> <span class='ocrx_word' id='word_1_19' title='bbox 512 452 639 486; x_wconf 75' lang='lat' dir='ltr'>confert</span> <span class='ocrx_word' id='word_1_20' title='bbox 652 453 788 485; x_wconf 81' lang='lat' dir='ltr'>bonum!</span> 
     </span>
    </p>
   </div>
   <div class='ocr_carea' id='block_1_4' title="bbox 297 531 650 624">
    <p class='ocr_par' dir='ltr' id='par_1_4' title="bbox 297 531 650 624">
     <span class='ocr_line' id='line_1_7' title="bbox 297 531 650 572; baseline 0.003 -9"><span class='ocrx_word' id='word_1_21' title='bbox 297 532 340 563; x_wconf 88' lang='lat' dir='ltr'>In</span> <span class='ocrx_word' id='word_1_22' title='bbox 371 532 401 564; x_wconf 74' lang='lat'>2.</span> <span class='ocrx_word' id='word_1_23' title='bbox 434 531 650 572; x_wconf 73' lang='lat' dir='ltr'>Vesperis.</span> 
     </span>
     <span class='ocr_line' id='line_1_8' title="bbox 342 587 592 624; baseline 0.008 -11"><span class='ocrx_word' id='word_1_24' title='bbox 342 587 388 614; x_wconf 70' lang='lat' dir='ltr'>Ad</span> <span class='ocrx_word' id='word_1_25' title='bbox 410 588 592 624; x_wconf 78' lang='lat' dir='ltr'>Magnificat.</span> 
     </span>
    </p>
   </div>
   <div class='ocr_carea' id='block_1_5' title="bbox 178 646 691 735">
    <p class='ocr_par' dir='ltr' id='par_1_5' title="bbox 178 646 691 735">
     <span class='ocr_line' id='line_1_9' title="bbox 178 646 691 686; baseline 0.002 -8"><span class='ocrx_word' id='word_1_26' title='bbox 178 647 218 679; x_wconf 84' lang='lat' dir='ltr'>A.</span> <span class='ocrx_word' id='word_1_27' title='bbox 248 647 273 679; x_wconf 93' lang='lat' dir='ltr'>O</span> <span class='ocrx_word' id='word_1_28' title='bbox 303 648 374 678; x_wconf 77' lang='lat' dir='ltr'>Iesu</span> <span class='ocrx_word' id='word_1_29' title='bbox 403 647 523 679; x_wconf 84' lang='lat' dir='ltr'>Christi</span> <span class='ocrx_word' id='word_1_30' title='bbox 553 646 691 686; x_wconf 78' lang='lat' dir='ltr'>bonitas,</span> 
     </span>
     <span class='ocr_line' id='line_1_10' title="bbox 296 696 465 735; baseline -0.012 -7"><span class='ocrx_word' id='word_1_31' title='bbox 296 696 321 728; x_wconf 86' lang='lat' dir='ltr'>O</span> <span class='ocrx_word' id='word_1_32' title='bbox 349 696 465 735; x_wconf 77' lang='lat' dir='ltr'>gratia,</span> 
     </span>
    </p>
   </div>
   <div class='ocr_carea' id='block_1_6' title="bbox 948 257 1493 686">
    <p class='ocr_par' dir='ltr' id='par_1_6' title="bbox 950 257 1376 298">
     <span class='ocr_line' id='line_1_11' title="bbox 950 257 1376 298; baseline -0.009 -7"><span class='ocrx_word' id='word_1_33' title='bbox 950 258 1065 298; x_wconf 84' lang='lat' dir='ltr'>Dirige</span> <span class='ocrx_word' id='word_1_34' title='bbox 1090 262 1218 290; x_wconf 87' lang='lat' dir='ltr'>nostras</span> <span class='ocrx_word' id='word_1_35' title='bbox 1243 257 1376 288; x_wconf 81' lang='lat' dir='ltr'>semitas</span> 
     </span>
    </p>

    <p class='ocr_par' dir='ltr' id='par_1_7' title="bbox 950 307 1355 396">
     <span class='ocr_line' id='line_1_12' title="bbox 998 307 1235 346; baseline 0.008 -8"><span class='ocrx_word' id='word_1_36' title='bbox 998 307 1052 338; x_wconf 87' lang='lat' dir='ltr'>Ad</span> <span class='ocrx_word' id='word_1_37' title='bbox 1080 307 1235 346; x_wconf 73' lang='lat' dir='ltr'>praemia,</span> 
     </span>
     <span class='ocr_line' id='line_1_13' title="bbox 950 353 1355 396; baseline -0.01 -8"><span class='ocrx_word' id='word_1_38' title='bbox 950 357 1039 396; x_wconf 82' lang='lat' dir='ltr'>Quae</span> <span class='ocrx_word' id='word_1_39' title='bbox 1065 364 1176 388; x_wconf 85' lang='lat' dir='ltr'>servas</span> <span class='ocrx_word' id='word_1_40' title='bbox 1202 353 1355 387; x_wconf 83' lang='lat' dir='ltr'>fidelibus</span> 
     </span>
    </p>

    <p class='ocr_par' dir='ltr' id='par_1_8' title="bbox 949 402 1393 541">
     <span class='ocr_line' id='line_1_14' title="bbox 997 402 1393 443; baseline -0.008 -7"><span class='ocrx_word' id='word_1_41' title='bbox 997 403 1046 437; x_wconf 93' lang='lat' dir='ltr'>Ob</span> <span class='ocrx_word' id='word_1_42' title='bbox 1073 404 1223 436; x_wconf 87' lang='lat' dir='ltr'>meritum</span> <span class='ocrx_word' id='word_1_43' title='bbox 1251 402 1393 443; x_wconf 82' lang='lat' dir='ltr'>virtutis,</span> 
     </span>
     <span class='ocr_line' id='line_1_15' title="bbox 950 451 1321 494; baseline -0.008 -9"><span class='ocrx_word' id='word_1_44' title='bbox 950 453 1001 486; x_wconf 84' lang='lat' dir='ltr'>Da</span> <span class='ocrx_word' id='word_1_45' title='bbox 1026 452 1092 484; x_wconf 77' lang='lat' dir='ltr'>tuis</span> <span class='ocrx_word' id='word_1_46' title='bbox 1116 451 1321 494; x_wconf 79' lang='lat' dir='ltr'><strong>supplicibus</strong></span> 
     </span>
     <span class='ocr_line' id='line_1_16' title="bbox 949 499 1298 541; baseline -0.009 -8"><span class='ocrx_word' id='word_1_47' title='bbox 949 501 1110 534; x_wconf 85' lang='lat' dir='ltr'>Ethonem</span> <span class='ocrx_word' id='word_1_48' title='bbox 1139 499 1298 541; x_wconf 81' lang='lat' dir='ltr'>refugium</span> 
     </span>
    </p>

    <p class='ocr_par' dir='ltr' id='par_1_9' title="bbox 948 548 1493 686">
     <span class='ocr_line' id='line_1_17' title="bbox 997 548 1383 590; baseline -0.003 -9"><span class='ocrx_word' id='word_1_49' title='bbox 997 550 1050 582; x_wconf 87' lang='lat' dir='ltr'>Ad</span> <span class='ocrx_word' id='word_1_50' title='bbox 1076 550 1227 590; x_wconf 76' lang='lat' dir='ltr'>gaudium</span> <span class='ocrx_word' id='word_1_51' title='bbox 1258 548 1383 580; x_wconf 79' lang='lat' dir='ltr'>salutis.</span> 
     </span>
     <span class='ocr_line' id='line_1_18' title="bbox 949 596 1451 638; baseline -0.004 -9"><span class='ocrx_word' id='word_1_52' title='bbox 949 599 975 630; x_wconf 91' lang='grc' dir='ltr'>Ο</span> <span class='ocrx_word' id='word_1_53' title='bbox 1002 607 1096 638; x_wconf 89' lang='lat' dir='ltr'>quam</span> <span class='ocrx_word' id='word_1_54' title='bbox 1126 597 1205 630; x_wconf 80' lang='lat' dir='ltr'>felix</span> <span class='ocrx_word' id='word_1_55' title='bbox 1232 596 1293 629; x_wconf 90' lang='lat' dir='ltr'>Dei</span> <span class='ocrx_word' id='word_1_56' title='bbox 1320 597 1451 633; x_wconf 76' lang='lat' dir='ltr'>donum,</span> 
     </span>
     <span class='ocr_line' id='line_1_19' title="bbox 948 644 1493 686; baseline -0.006 -7"><span class='ocrx_word' id='word_1_57' title='bbox 948 647 1039 686; x_wconf 78' lang='lat' dir='ltr'>Quod</span> <span class='ocrx_word' id='word_1_58' title='bbox 1056 656 1198 686; x_wconf 86' lang='lat' dir='ltr'>perenne</span> <span class='ocrx_word' id='word_1_59' title='bbox 1214 645 1341 677; x_wconf 78' lang='lat' dir='ltr'>confert</span> <span class='ocrx_word' id='word_1_60' title='bbox 1354 645 1472 678; x_wconf 90' lang='lat' dir='ltr'>bonum</span> <span class='ocrx_word' id='word_1_61' title='bbox 1487 644 1493 675; x_wconf 88' lang='lat'>!</span> 
     </span>
    </p>
   </div>
   <div class='ocr_carea' id='block_1_7' title="bbox 147 778 1496 894">
    <p class='ocr_par' dir='ltr' id='par_1_10' title="bbox 147 778 1496 894">
     <span class='ocr_line' id='line_1_20' title="bbox 227 778 1496 818; baseline -0.001 -11"><span class='ocrx_word' id='word_1_62' title='bbox 227 782 302 808; x_wconf 74' lang='lat' dir='ltr'>Acta</span> <span class='ocrx_word' id='word_1_63' title='bbox 323 782 376 808; x_wconf 68' lang='lat' dir='ltr'>SS.</span> <span class='ocrx_word' id='word_1_64' title='bbox 398 782 453 808; x_wconf 85' lang='lat' dir='ltr'>Iul.</span> <span class='ocrx_word' id='word_1_65' title='bbox 485 783 545 811; x_wconf 81' lang='grc' dir='ltr'>ΙΙΙ,</span> <span class='ocrx_word' id='word_1_66' title='bbox 576 780 613 809; x_wconf 78' lang='lat'>49</span> <span class='ocrx_word' id='word_1_67' title='bbox 642 791 704 818; x_wconf 71' lang='lat' dir='ltr'>sqq.</span> <span class='ocrx_word' id='word_1_68' title='bbox 737 797 768 801; x_wconf 89' lang='lat'>—-</span> <span class='ocrx_word' id='word_1_69' title='bbox 794 782 834 809; x_wconf 84' lang='lat' dir='ltr'>In</span> <span class='ocrx_word' id='word_1_70' title='bbox 856 780 883 809; x_wconf 73' lang='lat'>3.</span> <span class='ocrx_word' id='word_1_71' title='bbox 906 783 1011 809; x_wconf 66' lang='lat' dir='ltr'>Noct.</span> <span class='ocrx_word' id='word_1_72' title='bbox 1033 779 1061 809; x_wconf 86' lang='lat' dir='ltr'><strong>R</strong></span> <span class='ocrx_word' id='word_1_73' title='bbox 1083 779 1111 813; x_wconf 78' lang='grc'>2,</span> <span class='ocrx_word' id='word_1_74' title='bbox 1132 780 1151 808; x_wconf 85' lang='grc'>4</span> <span class='ocrx_word' id='word_1_75' title='bbox 1172 779 1232 808; x_wconf 90' lang='lat' dir='ltr'>und</span> <span class='ocrx_word' id='word_1_76' title='bbox 1254 779 1365 807; x_wconf 91' lang='lat' dir='ltr'>Laud.</span> <span class='ocrx_word' id='word_1_77' title='bbox 1380 780 1416 812; x_wconf 73' lang='lat' dir='ltr'>A,</span> <span class='ocrx_word' id='word_1_78' title='bbox 1441 779 1454 807; x_wconf 96' lang='grc'><strong>1</strong></span> <span class='ocrx_word' id='word_1_79' title='bbox 1477 778 1496 806; x_wconf 86' lang='grc'><strong>4</strong></span> 
     </span>
     <span class='ocr_line' id='line_1_21' title="bbox 148 819 1495 858; baseline -0.001 -12"><span class='ocrx_word' id='word_1_80' title='bbox 148 821 213 847; x_wconf 81' lang='lat' dir='ltr'>eine</span> <span class='ocrx_word' id='word_1_81' title='bbox 242 821 325 847; x_wconf 67' lang='lat' dir='ltr'>silbe</span> <span class='ocrx_word' id='word_1_82' title='bbox 359 829 395 847; x_wconf 83' lang='lat' dir='ltr'>zu</span> <span class='ocrx_word' id='word_1_83' title='bbox 425 821 494 848; x_wconf 79' lang='lat' dir='ltr'>viel.</span> <span class='ocrx_word' id='word_1_84' title='bbox 540 821 614 858; x_wconf 58' lang='lat' dir='ltr'>Aiso</span> <span class='ocrx_word' id='word_1_85' title='bbox 647 823 684 847; x_wconf 73' lang='lat' dir='ltr'>ist</span> <span class='ocrx_word' id='word_1_86' title='bbox 713 829 851 848; x_wconf 82' lang='lat' dir='ltr'>acroama</span> <span class='ocrx_word' id='word_1_87' title='bbox 878 821 1052 855; x_wconf 72' lang='lat' dir='ltr'>dreisilbig3</span> <span class='ocrx_word' id='word_1_88' title='bbox 1082 819 1331 847; x_wconf 76' lang='lat' dir='ltr'>wahrscheinlich</span> <span class='ocrx_word' id='word_1_89' title='bbox 1353 819 1441 846; x_wconf 78' lang='lat' dir='ltr'>stand</span> <span class='ocrx_word' id='word_1_90' title='bbox 1463 819 1495 845; x_wconf 87' lang='lat' dir='ltr'>in</span> 
     </span>
     <span class='ocr_line' id='line_1_22' title="bbox 147 858 1496 894; baseline -0.001 -9"><span class='ocrx_word' id='word_1_91' title='bbox 147 859 198 885; x_wconf 75' lang='lat' dir='ltr'>der</span> <span class='ocrx_word' id='word_1_92' title='bbox 222 860 328 893; x_wconf 71' lang='lat' dir='ltr'>Qnelle</span> <span class='ocrx_word' id='word_1_93' title='bbox 352 867 514 887; x_wconf 77' lang='lat' dir='ltr'>acroma.</span> <span class='ocrx_word' id='word_1_94' title='bbox 566 860 645 887; x_wconf 67' lang='lat' dir='ltr'>Uber</span> <span class='ocrx_word' id='word_1_95' title='bbox 672 858 734 887; x_wconf 82' lang='lat' dir='ltr'>ihre</span> <span class='ocrx_word' id='word_1_96' title='bbox 765 860 870 894; x_wconf 84' lang='lat' dir='ltr'>Quelle</span> <span class='ocrx_word' id='word_1_97' title='bbox 898 858 1056 886; x_wconf 82' lang='lat' dir='ltr'>bernerken</span> <span class='ocrx_word' id='word_1_98' title='bbox 1086 859 1137 886; x_wconf 82' lang='lat' dir='ltr'>(lie</span> <span class='ocrx_word' id='word_1_99' title='bbox 1164 858 1375 892; x_wconf 75' lang='lat' dir='ltr'>Herausgeber</span> <span class='ocrx_word' id='word_1_100' title='bbox 1404 859 1423 885; x_wconf 93' lang='lat' dir='ltr'>l.</span> <span class='ocrx_word' id='word_1_101' title='bbox 1454 866 1496 884; x_wconf 86' lang='lat' dir='ltr'>e.:</span> 
     </span>
    </p>
   </div>
   <div class='ocr_carea' id='block_1_8' title="bbox 150 898 618 933">
    <p class='ocr_par' dir='ltr' id='par_1_11' title="bbox 150 898 618 933">
     <span class='ocr_line' id='line_1_23' title="bbox 150 898 618 933; baseline -0.002 -8"><span class='ocrx_word' id='word_1_102' title='bbox 150 898 304 928; x_wconf 65' lang='lat' dir='ltr'>„Officium</span> <span class='ocrx_word' id='word_1_103' title='bbox 339 898 522 933; x_wconf 72' lang='lat' dir='ltr'>praedictum</span> <span class='ocrx_word' id='word_1_104' title='bbox 549 919 555 924; x_wconf 84' lang='lat'>.</span> <span class='ocrx_word' id='word_1_105' title='bbox 579 919 585 924; x_wconf 84' lang='lat'><em>.</em></span> <span class='ocrx_word' id='word_1_106' title='bbox 614 920 618 924; x_wconf 92' lang='lat'>.</span> 
     </span>
    </p>
   </div>
   <div class='ocr_carea' id='block_1_9' title="bbox 654 897 1496 931">
    <p class='ocr_par' dir='ltr' id='par_1_12' title="bbox 654 897 1496 931">
     <span class='ocr_line' id='line_1_24' title="bbox 654 897 1496 931; baseline -0.001 -6"><span class='ocrx_word' id='word_1_107' title='bbox 654 900 734 925; x_wconf 73' lang='lat' dir='ltr'>misit</span> <span class='ocrx_word' id='word_1_108' title='bbox 764 898 801 925; x_wconf 86' lang='lat' dir='ltr'>ad</span> <span class='ocrx_word' id='word_1_109' title='bbox 830 899 862 925; x_wconf 89' lang='lat' dir='ltr'>P.</span> <span class='ocrx_word' id='word_1_110' title='bbox 892 897 1069 925; x_wconf 80' lang='lat' dir='ltr'>Bollanduin</span> <span class='ocrx_word' id='word_1_111' title='bbox 1098 898 1131 924; x_wconf 85' lang='lat' dir='ltr'>R.</span> <span class='ocrx_word' id='word_1_112' title='bbox 1160 899 1195 925; x_wconf 90' lang='lat' dir='ltr'>D.</span> <span class='ocrx_word' id='word_1_113' title='bbox 1227 897 1358 931; x_wconf 74' lang='lat' dir='ltr'>Luytens</span> <span class='ocrx_word' id='word_1_114' title='bbox 1394 905 1496 924; x_wconf 86' lang='lat' dir='ltr'>mense</span> 
     </span>
    </p>
   </div>
   <div class='ocr_carea' id='block_1_10' title="bbox 150 934 1496 972">
    <p class='ocr_par' dir='ltr' id='par_1_13' title="bbox 150 934 1496 972">
     <span class='ocr_line' id='line_1_25' title="bbox 150 934 1496 972; baseline -0.001 -9"><span class='ocrx_word' id='word_1_115' title='bbox 150 937 310 964; x_wconf 74' lang='lat' dir='ltr'>Novembri</span> <span class='ocrx_word' id='word_1_116' title='bbox 337 934 424 966; x_wconf 73' lang='lat'><strong>1637.</strong></span> <span class='ocrx_word' id='word_1_117' title='bbox 447 942 508 964; x_wconf 79' lang='lat' dir='ltr'>tum</span> <span class='ocrx_word' id='word_1_118' title='bbox 532 939 675 972; x_wconf 73' lang='lat' dir='ltr'>temporis</span> <span class='ocrx_word' id='word_1_119' title='bbox 699 939 722 964; x_wconf 94' lang='lat' dir='ltr'>L</span> <span class='ocrx_word' id='word_1_120' title='bbox 732 946 748 965; x_wconf 85' lang='lat' dir='ltr'>a</span> <span class='ocrx_word' id='word_1_121' title='bbox 759 948 773 966; x_wconf 84' lang='lat' dir='ltr'>e</span> <span class='ocrx_word' id='word_1_122' title='bbox 784 942 794 963; x_wconf 89' lang='lat' dir='ltr'>t</span> <span class='ocrx_word' id='word_1_123' title='bbox 807 939 867 964; x_wconf 83' lang='lat' dir='ltr'>ien</span> <span class='ocrx_word' id='word_1_124' title='bbox 878 938 933 964; x_wconf 88' lang='lat' dir='ltr'>sis</span> <span class='ocrx_word' id='word_1_125' title='bbox 959 938 1099 971; x_wconf 74' lang='lat' dir='ltr'>supprior</span> <span class='ocrx_word' id='word_1_126' title='bbox 1119 940 1148 963; x_wconf 78' lang='lat' dir='ltr'>et</span> <span class='ocrx_word' id='word_1_127' title='bbox 1171 937 1313 970; x_wconf 80' lang='lat' dir='ltr'>magister</span> <span class='ocrx_word' id='word_1_128' title='bbox 1342 937 1496 963; x_wconf 88' lang='lat' dir='ltr'>iuniorum</span> 
     </span>
    </p>
   </div>
   <div class='ocr_carea' id='block_1_11' title="bbox 150 975 887 1011">
    <p class='ocr_par' dir='ltr' id='par_1_14' title="bbox 150 975 887 1011">
     <span class='ocr_line' id='line_1_26' title="bbox 150 975 887 1011; baseline 0.001 -10"><span class='ocrx_word' id='word_1_129' title='bbox 150 979 178 1002; x_wconf 83' lang='lat' dir='ltr'>et</span> <span class='ocrx_word' id='word_1_130' title='bbox 206 975 393 1011; x_wconf 62' lang='lat' dir='ltr'>posim-»dum</span> <span class='ocrx_word' id='word_1_131' title='bbox 425 977 536 1003; x_wconf 78' lang='lat' dir='ltr'>laudati</span> <span class='ocrx_word' id='word_1_132' title='bbox 566 978 742 1004; x_wconf 57' lang='lat' dir='ltr'>monasterii</span> <span class='ocrx_word' id='word_1_133' title='bbox 765 977 887 1003; x_wconf 59' lang='lat' dir='ltr'>abbas:-</span> 
     </span>
    </p>
   </div>
   <div class='ocr_carea' id='block_1_12' title="bbox 931 973 1499 1003">
    <p class='ocr_par' dir='ltr' id='par_1_15' title="bbox 931 973 1499 1003">
     <span class='ocr_line' id='line_1_27' title="bbox 931 973 1499 1003; baseline -0.002 -1"><span class='ocrx_word' id='word_1_134' title='bbox 931 977 993 1003; x_wconf 74' lang='lat' dir='ltr'>Das</span> <span class='ocrx_word' id='word_1_135' title='bbox 1016 976 1152 1002; x_wconf 67' lang='lat' dir='ltr'>Officium</span> <span class='ocrx_word' id='word_1_136' title='bbox 1176 978 1297 1002; x_wconf 79' lang='lat' dir='ltr'>stammt</span> <span class='ocrx_word' id='word_1_137' title='bbox 1317 975 1390 1002; x_wconf 79' lang='lat' dir='ltr'>aber</span> <span class='ocrx_word' id='word_1_138' title='bbox 1414 973 1499 1002; x_wconf 84' lang='lat' dir='ltr'>nicht</span> 
     </span>
    </p>
   </div>
   <div class='ocr_carea' id='block_1_13' title="bbox 149 1013 1497 1044">
    <p class='ocr_par' dir='ltr' id='par_1_16' title="bbox 149 1013 1497 1044">
     <span class='ocr_line' id='line_1_28' title="bbox 149 1013 1497 1044; baseline -0.001 -4"><span class='ocrx_word' id='word_1_139' title='bbox 149 1023 201 1041; x_wconf 65' lang='lat' dir='ltr'>aus</span> <span class='ocrx_word' id='word_1_140' title='bbox 231 1015 282 1042; x_wconf 79' lang='lat' dir='ltr'>dei·</span> <span class='ocrx_word' id='word_1_141' title='bbox 312 1015 403 1041; x_wconf 82' lang='lat' dir='ltr'>Abtei</span> <span class='ocrx_word' id='word_1_142' title='bbox 431 1016 580 1044; x_wconf 65' lang='lat' dir='ltr'>Liessies,</span> <span class='ocrx_word' id='word_1_143' title='bbox 611 1016 666 1041; x_wconf 78' lang='lat' dir='ltr'>wie</span> <span class='ocrx_word' id='word_1_144' title='bbox 696 1015 786 1042; x_wconf 73' lang='lat' dir='ltr'>sehon</span> <span class='ocrx_word' id='word_1_145' title='bbox 816 1015 864 1042; x_wconf 83' lang='lat' dir='ltr'>‹lie</span> <span class='ocrx_word' id='word_1_146' title='bbox 894 1014 1190 1042; x_wconf 64' lang='lat' dir='ltr'>nicht-nioiui-tische</span> <span class='ocrx_word' id='word_1_147' title='bbox 1222 1013 1307 1040; x_wconf 72' lang='lat' dir='ltr'>form</span> <span class='ocrx_word' id='word_1_148' title='bbox 1336 1013 1497 1041; x_wconf 81' lang='lat' dir='ltr'>desselben</span> 
     </span>
    </p>
   </div>
   <div class='ocr_carea' id='block_1_14' title="bbox 149 1053 900 1089">
    <p class='ocr_par' dir='ltr' id='par_1_17' title="bbox 149 1053 900 1089">
     <span class='ocr_line' id='line_1_29' title="bbox 149 1053 900 1089; baseline 0.001 -10"><span class='ocrx_word' id='word_1_149' title='bbox 149 1055 236 1089; x_wconf 77' lang='lat' dir='ltr'>zeigt,</span> <span class='ocrx_word' id='word_1_150' title='bbox 260 1053 388 1080; x_wconf 64' lang='lat' dir='ltr'>sandei-n</span> <span class='ocrx_word' id='word_1_151' title='bbox 411 1062 464 1080; x_wconf 75' lang='lat' dir='ltr'>aus</span> <span class='ocrx_word' id='word_1_152' title='bbox 487 1054 704 1089; x_wconf 68' lang='lat' dir='ltr'>Buyn-Villare</span> <span class='ocrx_word' id='word_1_153' title='bbox 728 1055 776 1081; x_wconf 74' lang='lat' dir='ltr'>bei</span> <span class='ocrx_word' id='word_1_154' title='bbox 798 1055 900 1080; x_wconf 79' lang='lat' dir='ltr'>Arras.</span> 
     </span>
    </p>
   </div>
   <div class='ocr_carea' id='block_1_15' title="bbox 555 1166 1095 1199">
    <p class='ocr_par' dir='ltr' id='par_1_18' title="bbox 555 1166 1095 1199">
     <span class='ocr_line' id='line_1_30' title="bbox 555 1166 1095 1199; baseline -0.002 -2"><span class='ocrx_word' id='word_1_155' title='bbox 555 1166 604 1197; x_wconf 81' lang='lat'>23.</span> <span class='ocrx_word' id='word_1_156' title='bbox 647 1168 689 1199; x_wconf 80' lang='lat' dir='ltr'>De</span> <span class='ocrx_word' id='word_1_157' title='bbox 712 1177 737 1199; x_wconf 87' lang='lat' dir='ltr'>s.</span> <span class='ocrx_word' id='word_1_158' title='bbox 759 1167 921 1199; x_wconf 83' lang='lat' dir='ltr'>Euchario</span> <span class='ocrx_word' id='word_1_159' title='bbox 944 1166 1095 1198; x_wconf 77' lang='lat' dir='ltr'>Tullensi.</span> 
     </span>
    </p>
   </div>
   <div class='ocr_carea' id='block_1_16' title="bbox 281 1248 663 1369">
    <p class='ocr_par' dir='ltr' id='par_1_19' title="bbox 281 1248 663 1369">
     <span class='ocr_line' id='line_1_31' title="bbox 281 1248 663 1289; baseline 0.003 -9"><span class='ocrx_word' id='word_1_160' title='bbox 281 1248 344 1280; x_wconf 83' lang='lat' dir='ltr'>Ad</span> <span class='ocrx_word' id='word_1_161' title='bbox 375 1249 404 1281; x_wconf 88' lang='lat'>1.</span> <span class='ocrx_word' id='word_1_162' title='bbox 432 1249 663 1289; x_wconf 72' lang='lat' dir='ltr'>Vesperas.</span> 
     </span>
     <span class='ocr_line' id='line_1_32' title="bbox 370 1334 572 1369; baseline 0.005 -9"><span class='ocrx_word' id='word_1_163' title='bbox 370 1334 572 1369; x_wconf 84' lang='lat' dir='ltr'>Antiphonae.</span> 
     </span>
    </p>
   </div>
   <div class='ocr_carea' id='block_1_17' title="bbox 194 1412 706 1597">
    <p class='ocr_par' dir='ltr' id='par_1_20' title="bbox 194 1412 706 1597">
     <span class='ocr_line' id='line_1_33' title="bbox 194 1412 569 1445; baseline -0.005 0"><span class='ocrx_word' id='word_1_164' title='bbox 194 1415 223 1445; x_wconf 86' lang='lat'>1.</span> <span class='ocrx_word' id='word_1_165' title='bbox 253 1412 403 1445; x_wconf 83' lang='lat' dir='ltr'>Gaudeat</span> <span class='ocrx_word' id='word_1_166' title='bbox 434 1412 569 1444; x_wconf 78' lang='lat' dir='ltr'>ecclesia</span> 
     </span>
     <span class='ocr_line' id='line_1_34' title="bbox 301 1461 696 1500; baseline 0 -8"><span class='ocrx_word' id='word_1_167' title='bbox 301 1462 364 1493; x_wconf 87' lang='lat' dir='ltr'>Pro</span> <span class='ocrx_word' id='word_1_168' title='bbox 392 1461 499 1500; x_wconf 85' lang='lat' dir='ltr'>palma</span> <span class='ocrx_word' id='word_1_169' title='bbox 528 1461 696 1500; x_wconf 80' lang='lat' dir='ltr'>victorum,</span> 
     </span>
     <span class='ocr_line' id='line_1_35' title="bbox 249 1508 651 1550; baseline -0.002 -9"><span class='ocrx_word' id='word_1_170' title='bbox 249 1511 350 1550; x_wconf 76' lang='lat' dir='ltr'>Quam</span> <span class='ocrx_word' id='word_1_171' title='bbox 377 1509 515 1541; x_wconf 82' lang='lat' dir='ltr'>adornat</span> <span class='ocrx_word' id='word_1_172' title='bbox 543 1508 651 1541; x_wconf 82' lang='lat' dir='ltr'>Gallia</span> 
     </span>
     <span class='ocr_line' id='line_1_36' title="bbox 303 1558 706 1597; baseline 0.002 -7"><span class='ocrx_word' id='word_1_173' title='bbox 303 1558 484 1597; x_wconf 81' lang='lat' dir='ltr'>Splendore</span> <span class='ocrx_word' id='word_1_174' title='bbox 512 1562 706 1592; x_wconf 73' lang='lat' dir='ltr'>sanctorum.</span> 
     </span>
    </p>
   </div>
   <div class='ocr_carea' id='block_1_18' title="bbox 195 1647 213 1677">
    <p class='ocr_par' dir='ltr' id='par_1_21' title="bbox 195 1647 213 1677">
     <span class='ocr_line' id='line_1_37' title="bbox 195 1647 213 1677; textangle 90"><span class='ocrx_word' id='word_1_175' title='bbox 195 1647 213 1677; x_wconf 61' lang='lat'>¹³</span> 
     </span>
    </p>
   </div>
   <div class='ocr_carea' id='block_1_19' title="bbox 219 1644 681 1823">
    <p class='ocr_par' dir='ltr' id='par_1_22' title="bbox 219 1644 681 1823">
     <span class='ocr_line' id='line_1_38' title="bbox 219 1644 526 1678; baseline -0.003 0"><span class='ocrx_word' id='word_1_176' title='bbox 219 1671 226 1678; x_wconf 91' lang='lat'>.</span> <span class='ocrx_word' id='word_1_177' title='bbox 254 1644 410 1677; x_wconf 84' lang='lat' dir='ltr'>Eucharii</span> <span class='ocrx_word' id='word_1_178' title='bbox 438 1646 526 1677; x_wconf 77' lang='lat' dir='ltr'>natio</span> 
     </span>
     <span class='ocr_line' id='line_1_39' title="bbox 299 1693 681 1734; baseline 0 -8"><span class='ocrx_word' id='word_1_179' title='bbox 299 1694 417 1726; x_wconf 84' lang='lat' dir='ltr'>Sancta</span> <span class='ocrx_word' id='word_1_180' title='bbox 443 1693 681 1734; x_wconf 78' lang='lat' dir='ltr'>comprobatur,</span> 
     </span>
     <span class='ocr_line' id='line_1_40' title="bbox 251 1742 573 1774; baseline -0.003 0"><span class='ocrx_word' id='word_1_181' title='bbox 251 1743 411 1774; x_wconf 82' lang='lat' dir='ltr'>Iustorum</span> <span class='ocrx_word' id='word_1_182' title='bbox 439 1742 573 1774; x_wconf 64' lang='lat' dir='ltr'>consilio</span> 
     </span>
     <span class='ocr_line' id='line_1_41' title="bbox 303 1790 648 1823; baseline 0 0"><span class='ocrx_word' id='word_1_183' title='bbox 303 1790 465 1823; x_wconf 79' lang='lat' dir='ltr'>Christum</span> <span class='ocrx_word' id='word_1_184' title='bbox 492 1791 648 1823; x_wconf 78' lang='lat' dir='ltr'>imitatur.</span> 
     </span>
    </p>
   </div>
   <div class='ocr_carea' id='block_1_20' title="bbox 193 1877 719 2065">
    <p class='ocr_par' dir='ltr' id='par_1_23' title="bbox 193 1877 719 1919">
     <span class='ocr_line' id='line_1_42' title="bbox 193 1877 719 1919; baseline 0.002 -8"><span class='ocrx_word' id='word_1_185' title='bbox 193 1879 225 1911; x_wconf 86' lang='lat'>3.</span> <span class='ocrx_word' id='word_1_186' title='bbox 255 1878 317 1910; x_wconf 89' lang='lat' dir='ltr'>Hic</span> <span class='ocrx_word' id='word_1_187' title='bbox 345 1877 421 1909; x_wconf 87' lang='lat' dir='ltr'>dum</span> <span class='ocrx_word' id='word_1_188' title='bbox 447 1879 558 1911; x_wconf 89' lang='lat' dir='ltr'>mundi</span> <span class='ocrx_word' id='word_1_189' title='bbox 585 1879 719 1919; x_wconf 82' lang='lat' dir='ltr'>gloriam</span> 
     </span>
    </p>

    <p class='ocr_par' dir='ltr' id='par_1_24' title="bbox 254 1926 699 2065">
     <span class='ocr_line' id='line_1_43' title="bbox 300 1926 699 1967; baseline -0.003 -7"><span class='ocrx_word' id='word_1_190' title='bbox 300 1928 364 1960; x_wconf 85' lang='lat' dir='ltr'>Pro</span> <span class='ocrx_word' id='word_1_191' title='bbox 391 1926 521 1959; x_wconf 84' lang='lat' dir='ltr'>Christo</span> <span class='ocrx_word' id='word_1_192' title='bbox 550 1928 699 1967; x_wconf 84' lang='lat' dir='ltr'>calcavit,</span> 
     </span>
     <span class='ocr_line' id='line_1_44' title="bbox 254 1976 643 2008; baseline 0 -1"><span class='ocrx_word' id='word_1_193' title='bbox 254 1977 430 2007; x_wconf 80' lang='lat' dir='ltr'>Aeternam</span> <span class='ocrx_word' id='word_1_194' title='bbox 458 1976 643 2008; x_wconf 80' lang='lat' dir='ltr'>memoriam</span> 
     </span>
     <span class='ocr_line' id='line_1_45' title="bbox 304 2024 622 2065; baseline 0.006 -9"><span class='ocrx_word' id='word_1_195' title='bbox 304 2024 384 2056; x_wconf 86' lang='lat' dir='ltr'>Iusti</span> <span class='ocrx_word' id='word_1_196' title='bbox 413 2025 622 2065; x_wconf 78' lang='lat' dir='ltr'>comparavit.</span> 
     </span>
    </p>
   </div>
   <div class='ocr_carea' id='block_1_21' title="bbox 193 2111 704 2299">
    <p class='ocr_par' dir='ltr' id='par_1_25' title="bbox 193 2111 704 2299">
     <span class='ocr_line' id='line_1_46' title="bbox 193 2111 704 2145; baseline -0.002 0"><span class='ocrx_word' id='word_1_197' title='bbox 193 2115 225 2145; x_wconf 85' lang='lat'>4.</span> <span class='ocrx_word' id='word_1_198' title='bbox 254 2111 407 2143; x_wconf 81' lang='lat' dir='ltr'>Laudans</span> <span class='ocrx_word' id='word_1_199' title='bbox 432 2121 546 2143; x_wconf 88' lang='lat' dir='ltr'>nomen</span> <span class='ocrx_word' id='word_1_200' title='bbox 574 2112 704 2145; x_wconf 91' lang='lat' dir='ltr'>Domini</span> 
     </span>
     <span class='ocr_line' id='line_1_47' title="bbox 303 2160 621 2193; baseline 0.009 -3"><span class='ocrx_word' id='word_1_201' title='bbox 303 2160 361 2191; x_wconf 89' lang='lat' dir='ltr'>Vir</span> <span class='ocrx_word' id='word_1_202' title='bbox 388 2160 457 2191; x_wconf 90' lang='lat' dir='ltr'>Deo</span> <span class='ocrx_word' id='word_1_203' title='bbox 486 2161 621 2193; x_wconf 84' lang='lat' dir='ltr'>devotus</span> 
     </span>
     <span class='ocr_line' id='line_1_48' title="bbox 255 2208 574 2249; baseline 0.006 -10"><span class='ocrx_word' id='word_1_204' title='bbox 255 2208 399 2241; x_wconf 77' lang='lat' dir='ltr'>Vacabat</span> <span class='ocrx_word' id='word_1_205' title='bbox 426 2210 574 2249; x_wconf 82' lang='lat' dir='ltr'>regimini</span> 
     </span>
     <span class='ocr_line' id='line_1_49' title="bbox 302 2257 699 2299; baseline 0.008 -8"><span class='ocrx_word' id='word_1_206' title='bbox 302 2259 365 2291; x_wconf 89' lang='lat' dir='ltr'>Per</span> <span class='ocrx_word' id='word_1_207' title='bbox 391 2257 495 2290; x_wconf 89' lang='lat' dir='ltr'>Deum</span> <span class='ocrx_word' id='word_1_208' title='bbox 523 2264 699 2299; x_wconf 55' lang='lat' dir='ltr'>promotus</span> 
     </span>
    </p>
   </div>
   <div class='ocr_carea' id='block_1_22' title="bbox 194 2346 678 2437">
    <p class='ocr_par' dir='ltr' id='par_1_26' title="bbox 194 2346 678 2437">
     <span class='ocr_line' id='line_1_50' title="bbox 194 2346 678 2386; baseline -0.004 -7"><span class='ocrx_word' id='word_1_209' title='bbox 194 2350 224 2380; x_wconf 89' lang='lat'>5.</span> <span class='ocrx_word' id='word_1_210' title='bbox 253 2346 358 2379; x_wconf 86' lang='lat' dir='ltr'>Huius</span> <span class='ocrx_word' id='word_1_211' title='bbox 385 2346 490 2377; x_wconf 75' lang='lat' dir='ltr'>sancti</span> <span class='ocrx_word' id='word_1_212' title='bbox 517 2346 678 2386; x_wconf 82' lang='lat' dir='ltr'>praesulis</span> 
     </span>
     <span class='ocr_line' id='line_1_51' title="bbox 301 2394 647 2437; baseline 0 -10"><span class='ocrx_word' id='word_1_213' title='bbox 301 2394 391 2428; x_wconf 88' lang='lat' dir='ltr'>Mors</span> <span class='ocrx_word' id='word_1_214' title='bbox 418 2400 466 2426; x_wconf 87' lang='lat' dir='ltr'>est</span> <span class='ocrx_word' id='word_1_215' title='bbox 492 2395 647 2437; x_wconf 84' lang='lat' dir='ltr'>pretiosa,</span> 
     </span>
    </p>
   </div>
   <div class='ocr_carea' id='block_1_23' title="bbox 253 2444 730 2485">
    <p class='ocr_par' dir='ltr' id='par_1_27' title="bbox 253 2444 730 2485">
     <span class='ocr_line' id='line_1_52' title="bbox 253 2444 730 2485; baseline 0 -8"><span class='ocrx_word' id='word_1_216' title='bbox 253 2445 352 2485; x_wconf 80' lang='lat' dir='ltr'>Quem</span> <span class='ocrx_word' id='word_1_217' title='bbox 379 2444 515 2476; x_wconf 86' lang='lat' dir='ltr'>laudant</span> <span class='ocrx_word' id='word_1_218' title='bbox 541 2445 573 2476; x_wconf 90' lang='lat' dir='ltr'>in</span> <span class='ocrx_word' id='word_1_219' title='bbox 600 2445 730 2484; x_wconf 85' lang='lat' dir='ltr'>populis</span> 
     </span>
    </p>
   </div>
   <div class='ocr_carea' id='block_1_24' title="bbox 302 2493 580 2535">
    <p class='ocr_par' dir='ltr' id='par_1_28' title="bbox 302 2493 580 2535">
     <span class='ocr_line' id='line_1_53' title="bbox 302 2493 580 2535; baseline -0.007 -8"><span class='ocrx_word' id='word_1_220' title='bbox 302 2493 401 2534; x_wconf 80' lang='lat' dir='ltr'>Signa</span> <span class='ocrx_word' id='word_1_221' title='bbox 427 2494 580 2535; x_wconf 77' lang='lat' dir='ltr'>gloriosa.</span> 
     </span>
    </p>
   </div>
   <div class='ocr_carea' id='block_1_25' title="bbox 1048 1247 1302 1284">
    <p class='ocr_par' dir='ltr' id='par_1_29' title="bbox 1048 1247 1302 1284">
     <span class='ocr_line' id='line_1_54' title="bbox 1048 1247 1302 1284; baseline -0.004 -10"><span class='ocrx_word' id='word_1_222' title='bbox 1048 1247 1094 1274; x_wconf 73' lang='lat' dir='ltr'>Ad</span> <span class='ocrx_word' id='word_1_223' title='bbox 1116 1248 1302 1284; x_wconf 79' lang='lat' dir='ltr'>Magnificat.</span> 
     </span>
    </p>
   </div>
   <div class='ocr_carea' id='block_1_26' title="bbox 882 1306 1269 1347">
    <p class='ocr_par' dir='ltr' id='par_1_30' title="bbox 882 1306 1269 1347">
     <span class='ocr_line' id='line_1_55' title="bbox 882 1306 1269 1347; baseline -0.005 -8"><span class='ocrx_word' id='word_1_224' title='bbox 882 1308 922 1340; x_wconf 80' lang='lat' dir='ltr'>A.</span> <span class='ocrx_word' id='word_1_225' title='bbox 951 1308 977 1340; x_wconf 95' lang='grc' dir='ltr'><strong>Ο</strong></span> <span class='ocrx_word' id='word_1_226' title='bbox 1005 1312 1116 1346; x_wconf 78' lang='lat' dir='ltr'>pastor</span> <span class='ocrx_word' id='word_1_227' title='bbox 1141 1306 1269 1347; x_wconf 82' lang='lat' dir='ltr'>egregie</span> 
     </span>
    </p>
   </div>
   <div class='ocr_carea' id='block_1_27' title="bbox 951 1354 1441 1784">
    <p class='ocr_par' dir='ltr' id='par_1_31' title="bbox 951 1354 1441 1784">
     <span class='ocr_line' id='line_1_56' title="bbox 1001 1354 1372 1397; baseline -0.003 -10"><span class='ocrx_word' id='word_1_228' title='bbox 1001 1355 1187 1396; x_wconf 84' lang='lat' dir='ltr'>Doctorque</span> <span class='ocrx_word' id='word_1_229' title='bbox 1214 1354 1372 1397; x_wconf 78' lang='lat' dir='ltr'>fidelium,</span> 
     </span>
     <span class='ocr_line' id='line_1_57' title="bbox 953 1404 1358 1445; baseline -0.007 -8"><span class='ocrx_word' id='word_1_230' title='bbox 953 1404 1088 1437; x_wconf 83' lang='lat' dir='ltr'>Gemma</span> <span class='ocrx_word' id='word_1_231' title='bbox 1116 1404 1358 1445; x_wconf 83' lang='lat' dir='ltr'>Lothoringiae‚</span> 
     </span>
     <span class='ocr_line' id='line_1_58' title="bbox 1002 1452 1332 1493; baseline -0.003 -9"><span class='ocrx_word' id='word_1_232' title='bbox 1002 1452 1121 1484; x_wconf 73' lang='lat' dir='ltr'>Nobile</span> <span class='ocrx_word' id='word_1_233' title='bbox 1149 1452 1332 1493; x_wconf 86' lang='lat' dir='ltr'>depositum</span> 
     </span>
     <span class='ocr_line' id='line_1_59' title="bbox 1048 1500 1368 1534; baseline 0.006 -2"><span class='ocrx_word' id='word_1_234' title='bbox 1048 1500 1231 1533; x_wconf 87' lang='lat' dir='ltr'>Liberduni</span> <span class='ocrx_word' id='word_1_235' title='bbox 1257 1502 1368 1534; x_wconf 81' lang='lat' dir='ltr'>castri.</span> 
     </span>
     <span class='ocr_line' id='line_1_60' title="bbox 951 1549 1365 1589; baseline -0.002 -7"><span class='ocrx_word' id='word_1_236' title='bbox 951 1550 1027 1586; x_wconf 84' lang='lat' dir='ltr'>Fer,</span> <span class='ocrx_word' id='word_1_237' title='bbox 1054 1549 1210 1588; x_wconf 75' lang='lat' dir='ltr'>Euchari,</span> <span class='ocrx_word' id='word_1_238' title='bbox 1239 1551 1365 1589; x_wconf 84' lang='lat' dir='ltr'>gratiae</span> 
     </span>
     <span class='ocr_line' id='line_1_61' title="bbox 1002 1597 1361 1639; baseline 0 -10"><span class='ocrx_word' id='word_1_239' title='bbox 1002 1597 1106 1629; x_wconf 70' lang='lat' dir='ltr'>Nobis</span> <span class='ocrx_word' id='word_1_240' title='bbox 1132 1598 1361 1639; x_wconf 74' lang='lat' dir='ltr'>patrocinium,</span> 
     </span>
     <span class='ocr_line' id='line_1_62' title="bbox 953 1647 1327 1686; baseline -0.003 -7"><span class='ocrx_word' id='word_1_241' title='bbox 953 1648 1002 1679; x_wconf 78' lang='lat' dir='ltr'>Ne</span> <span class='ocrx_word' id='word_1_242' title='bbox 1028 1647 1204 1686; x_wconf 83' lang='lat' dir='ltr'>perdamus</span> <span class='ocrx_word' id='word_1_243' title='bbox 1231 1647 1327 1678; x_wconf 84' lang='lat' dir='ltr'>anxie</span> 
     </span>
     <span class='ocr_line' id='line_1_63' title="bbox 1004 1695 1441 1728; baseline 0.005 -2"><span class='ocrx_word' id='word_1_244' title='bbox 1004 1695 1169 1727; x_wconf 89' lang='lat' dir='ltr'>Thronum</span> <span class='ocrx_word' id='word_1_245' title='bbox 1198 1695 1257 1727; x_wconf 89' lang='lat' dir='ltr'>tibi</span> <span class='ocrx_word' id='word_1_246' title='bbox 1283 1696 1441 1728; x_wconf 87' lang='lat' dir='ltr'>traditum</span> 
     </span>
     <span class='ocr_line' id='line_1_64' title="bbox 1050 1744 1358 1784; baseline 0.006 -9"><span class='ocrx_word' id='word_1_247' title='bbox 1050 1744 1241 1784; x_wconf 74' lang='lat' dir='ltr'>supernans</span> <span class='ocrx_word' id='word_1_248' title='bbox 1267 1745 1358 1778; x_wconf 85' lang='lat' dir='ltr'>astri.</span> 
     </span>
    </p>
   </div>
   <div class='ocr_carea' id='block_1_28' title="bbox 954 1841 1367 2061">
    <p class='ocr_par' dir='ltr' id='par_1_32' title="bbox 997 1841 1367 1932">
     <span class='ocr_line' id='line_1_65' title="bbox 997 1841 1367 1875; baseline 0.003 -1"><span class='ocrx_word' id='word_1_249' title='bbox 997 1841 1056 1874; x_wconf 88' lang='lat' dir='ltr'>Ad</span> <span class='ocrx_word' id='word_1_250' title='bbox 1092 1841 1367 1875; x_wconf 79' lang='lat' dir='ltr'>Matutinum.</span> 
     </span>
     <span class='ocr_line' id='line_1_66' title="bbox 1066 1903 1290 1932; baseline 0 -2"><span class='ocrx_word' id='word_1_251' title='bbox 1066 1903 1290 1932; x_wconf 65' lang='lat' dir='ltr'>Invitatomum.</span> 
     </span>
    </p>

    <p class='ocr_par' dir='ltr' id='par_1_33' title="bbox 954 1972 1357 2013">
     <span class='ocr_line' id='line_1_67' title="bbox 954 1972 1357 2013; baseline 0.005 -9"><span class='ocrx_word' id='word_1_252' title='bbox 954 1972 1035 2012; x_wconf 86' lang='lat' dir='ltr'>Regi</span> <span class='ocrx_word' id='word_1_253' title='bbox 1062 1972 1224 2004; x_wconf 83' lang='lat' dir='ltr'>caelorum</span> <span class='ocrx_word' id='word_1_254' title='bbox 1252 1973 1357 2013; x_wconf 86' lang='lat' dir='ltr'>gloria</span> 
     </span>
    </p>

    <p class='ocr_par' dir='ltr' id='par_1_34' title="bbox 1002 2019 1355 2061">
     <span class='ocr_line' id='line_1_68' title="bbox 1002 2019 1355 2061; baseline 0.006 -9"><span class='ocrx_word' id='word_1_255' title='bbox 1002 2019 1128 2052; x_wconf 84' lang='lat' dir='ltr'>Devote</span> <span class='ocrx_word' id='word_1_256' title='bbox 1155 2022 1355 2061; x_wconf 77' lang='lat' dir='ltr'>concinatur,</span> 
     </span>
    </p>
   </div>
   <div class='ocr_carea' id='block_1_29' title="bbox 957 2069 1419 2158">
    <p class='ocr_par' dir='ltr' id='par_1_35' title="bbox 957 2069 1419 2158">
     <span class='ocr_line' id='line_1_69' title="bbox 957 2069 1359 2111; baseline 0.005 -9"><span class='ocrx_word' id='word_1_257' title='bbox 957 2070 1041 2102; x_wconf 90' lang='lat' dir='ltr'>Dum</span> <span class='ocrx_word' id='word_1_258' title='bbox 1069 2069 1226 2102; x_wconf 87' lang='lat' dir='ltr'>Eucharii</span> <span class='ocrx_word' id='word_1_259' title='bbox 1252 2071 1359 2111; x_wconf 81' lang='lat' dir='ltr'>gratia</span> 
     </span>
     <span class='ocr_line' id='line_1_70' title="bbox 1004 2117 1419 2158; baseline 0.012 -8"><span class='ocrx_word' id='word_1_260' title='bbox 1004 2117 1111 2158; x_wconf 82' lang='lat' dir='ltr'>Digne</span> <span class='ocrx_word' id='word_1_261' title='bbox 1137 2125 1419 2156; x_wconf 82' lang='lat' dir='ltr'>commemoratur.</span> 
     </span>
    </p>
   </div>
   <div class='ocr_carea' id='block_1_30' title="bbox 984 2216 1371 2315">
    <p class='ocr_par' dir='ltr' id='par_1_36' title="bbox 984 2216 1371 2315">
     <span class='ocr_line' id='line_1_71' title="bbox 984 2216 1371 2252; baseline 0.01 -4"><span class='ocrx_word' id='word_1_262' title='bbox 984 2216 1031 2248; x_wconf 92' lang='lat' dir='ltr'>In</span> <span class='ocrx_word' id='word_1_263' title='bbox 1067 2217 1098 2249; x_wconf 90' lang='lat'>1.</span> <span class='ocrx_word' id='word_1_264' title='bbox 1136 2216 1371 2252; x_wconf 79' lang='lat' dir='ltr'>Nocturno.</span> 
     </span>
     <span class='ocr_line' id='line_1_72' title="bbox 1081 2279 1282 2315; baseline 0.005 -10"><span class='ocrx_word' id='word_1_265' title='bbox 1081 2279 1282 2315; x_wconf 80' lang='lat' dir='ltr'>Antiphonae.</span> 
     </span>
    </p>
   </div>
   <div class='ocr_carea' id='block_1_31' title="bbox 919 2347 1334 2389">
    <p class='ocr_par' dir='ltr' id='par_1_37' title="bbox 919 2347 1334 2389">
     <span class='ocr_line' id='line_1_73' title="bbox 919 2347 1334 2389; baseline 0 -8"><span class='ocrx_word' id='word_1_266' title='bbox 919 2373 928 2381; x_wconf 89' lang='lat'><strong>.</strong></span> <span class='ocrx_word' id='word_1_267' title='bbox 956 2348 1019 2380; x_wconf 87' lang='lat' dir='ltr'>Hic</span> <span class='ocrx_word' id='word_1_268' title='bbox 1044 2347 1078 2379; x_wconf 92' lang='lat' dir='ltr'>in</span> <span class='ocrx_word' id='word_1_269' title='bbox 1104 2348 1176 2389; x_wconf 88' lang='lat' dir='ltr'>lege</span> <span class='ocrx_word' id='word_1_270' title='bbox 1203 2349 1334 2381; x_wconf 87' lang='lat' dir='ltr'>Domini</span> 
     </span>
    </p>
   </div>
   <div class='ocr_carea' id='block_1_32' title="bbox 954 2396 1355 2530">
    <p class='ocr_par' dir='ltr' id='par_1_38' title="bbox 954 2396 1355 2530">
     <span class='ocr_line' id='line_1_74' title="bbox 1004 2396 1264 2430; baseline 0.008 -2"><span class='ocrx_word' id='word_1_271' title='bbox 1004 2396 1061 2428; x_wconf 90' lang='lat' dir='ltr'>Pie</span> <span class='ocrx_word' id='word_1_272' title='bbox 1088 2397 1264 2430; x_wconf 88' lang='lat' dir='ltr'>meditatus</span> 
     </span>
     <span class='ocr_line' id='line_1_75' title="bbox 954 2446 1355 2488; baseline 0.002 -9"><span class='ocrx_word' id='word_1_273' title='bbox 954 2446 996 2479; x_wconf 90' lang='lat' dir='ltr'>Se</span> <span class='ocrx_word' id='word_1_274' title='bbox 1022 2450 1207 2479; x_wconf 84' lang='lat' dir='ltr'>sanctorum</span> <span class='ocrx_word' id='word_1_275' title='bbox 1234 2447 1355 2488; x_wconf 87' lang='lat' dir='ltr'>agmini</span> 
     </span>
     <span class='ocr_line' id='line_1_76' title="bbox 1002 2495 1344 2530; baseline 0.006 -3"><span class='ocrx_word' id='word_1_276' title='bbox 1002 2495 1114 2528; x_wconf 79' lang='lat' dir='ltr'>Iunxit</span> <span class='ocrx_word' id='word_1_277' title='bbox 1140 2496 1191 2528; x_wconf 80' lang='lat' dir='ltr'>vir</span> <span class='ocrx_word' id='word_1_278' title='bbox 1216 2496 1344 2530; x_wconf 78' lang='lat' dir='ltr'>heatus.</span> 
     </span>
    </p>
   </div>
  </div>
 </body>
</html>
