1650 2727
186 256 218 290 7.
251 255 361 288 Ferax
387 259 436 288 est
463 262 553 290 terra
577 257 710 290 Domini

299 304 423 337 Venter
448 310 598 338 sacratae
624 305 772 348 virginis,

248 353 310 394 Qui
337 353 524 386 thesaurum
550 354 613 386 fert
641 353 766 386 homini

299 402 441 435 Nostrae
467 412 580 444 parem
598 403 761 445 imaginis.

863 257 920 290 12.
955 255 1046 288 Deus
1072 256 1181 297 palam
1209 256 1357 288 omnibus

1008 304 1144 337 Revelet
1172 306 1387 345 clementiam,

958 353 1095 393 Quando
1123 363 1183 394 pro
1209 354 1394 386 hominibus

1009 401 1153 443 Sumpsit
1162 403 1269 435 carnis
1277 403 1503 436 substantiam.

189 499 219 532 3.
253 499 387 532 Habens
401 499 566 533 Christum
584 500 830 534 fundamentum
866 521 920 554 13·
962 520 1072 553 Cornu
1098 521 1269 560 praeconis
1298 520 1458 559 buccinat,

250 549 388 591 Aurum,
409 559 567 590 gemmam
583 556 613 582 et
628 555 799 592 argentum

301 597 355 630 Sic
378 599 642 639 superaedificet,

301 647 346 680 Ut
373 647 512 680 Mariam
540 648 711 690 glorificet.

189 745 221 780 9.
254 745 324 777 Deo
353 745 531 779 decantent
558 748 676 790 omnia,

299 794 360 834 Qui
389 796 498 835 proles
527 801 633 829 exstat
653 797 800 840 virginis,

303 843 475 877 Elisabeth
503 846 687 886 praeconiis

251 891 383 932 Effugat
411 903 559 928 erronea.

151 985 207 1018 10.
248 986 337 1018 Iuste
369 986 424 1018 lux
451 992 523 1020 orta
549 989 674 1029 gratiae

151 1226 207 1259 11.

301 1034 447 1068 Mentem
475 1037 543 1068 eius
571 1041 732 1078 penetrat,

302 1083 400 1116 Cuius
428 1086 558 1118 domum
586 1087 697 1118 visitat

251 1133 316 1164 Per
342 1142 376 1165 se
403 1135 450 1166 sol
479 1135 633 1167 iustitiae.

254 1225 382 1258 Novum
410 1227 470 1260 tibi
496 1229 670 1269 canticum,

300 1275 412 1316 Virgo,
443 1277 664 1317 decantamus,

253 1325 299 1358 Ut
326 1329 357 1356 te
384 1325 471 1358 vitae
498 1326 652 1358 viaticum

302 1370 467 1420 [Semper]
494 1375 681 1409 habeamus.

960 569 1080 610 Regem
1108 579 1224 602 novum
1253 569 1421 601 annuntiat

1009 618 1134 651 Castris
1162 619 1337 650 electorum

959 667 1001 700 Et
1030 667 1061 699 in
1092 668 1186 699 domo
1213 667 1390 700 Zachariae

961 718 1071 749 Cornu
1098 716 1251 758 frangens
1280 716 1441 748 Ezechiae

1008 765 1148 798 Errores
1171 767 1328 803 eliminat,

1011 815 1165 847 Vertitati
1192 816 1346 847 sublimat

1057 863 1185 897 Cornua
1217 866 1386 897 iustorum.

911 1010 918 1016 .
960 982 1111 1015 Exsultat
1137 982 1245 1015 infans
1273 987 1374 1019 utero,

959 1031 1043 1064 Dum
1065 1031 1194 1064 domum
1214 1037 1318 1063 mater
1337 1028 1397 1075 [et]
1415 1031 1505 1071 virgo

1007 1080 1178 1113 Elisabeth
1206 1081 1352 1122 intravit,

1008 1131 1075 1162 lam
1105 1139 1138 1161 se
1165 1130 1322 1162 indicavit

1056 1179 1136 1211 Eius
1164 1188 1429 1220 praecursorem:v

959 1227 1056 1260 Cuius
1084 1227 1241 1260 beneficio

958 1277 1110 1309 Humana
1137 1278 1285 1309 condicio

1007 1326 1191 1359 Advenisse
1219 1327 1367 1358 crederet

1058 1375 1175 1408 Mundi
1203 1376 1455 1416 redemptorem.

228 1480 335 1508 Diurn.
359 1484 398 1508 et.
420 1481 520 1518 hymn.
544 1492 597 1510 ms.
615 1483 766 1511 Benedict.
790 1484 905 1511 Suecic.
929 1492 1004 1510 saec.
1024 1482 1067 1511 15.
1084 1483 1155 1511 (¹0d.
1173 1483 1316 1520 Upsaleu.
1334 1483 1366 1510 C.
1383 1481 1449 1509 477.
1465 1496 1503 1499 —

148 1519 207 1547 Die
229 1520 370 1556 Stellung
393 1520 491 1550 dieser
514 1522 719 1550 Bruchstiicke
742 1524 782 1550 im
799 1523 937 1551 Officium
961 1522 1031 1550 l'asst
1053 1522 1116 1550 sich
1140 1523 1255 1550 schwer
1271 1527 1403 1549 erraten:
1428 1521 1504 1548 ‹luc-11

149 1559 267 1586 scheint
291 1558 335 1587 13.
358 1559 406 1587 die
428 1561 453 1590 A
477 1562 514 1589 ad
537 1563 733 1596 Benedictus,
758 1561 793 1590 14
815 1564 881 1590 eine
905 1562 1005 1589 solche
1028 1571 1093 1589 zum
1116 1562 1290 1599 Magnificat
1313 1571 1349 1588 zu
1372 1564 1445 1588 sein.

619 1755 647 1787 6.
687 1755 730 1787 De
752 1755 854 1788 Beata
876 1755 979 1788 Maria
1002 1756 1037 1787 V.

287 1876 333 1908 In
362 1877 394 1910 1.
428 1877 648 1918 vesperis,

334 1975 431 2011 Super
452 1976 600 2004 Psalmos.

170 2071 215 2110 A.
248 2075 421 2108 Trinitatis
447 2077 638 2119 thalamum,

293 2125 493 2166 Angelorum
524 2127 673 2169 gloriam,

245 2173 416 2207 Castitatis
443 2175 624 2209 balsamum

293 2224 338 2257 Et
359 2224 527 2265 lapsorum
553 2226 680 2258 veniam

244 2272 358 2306 Laude
384 2277 472 2307 totus
500 2278 532 2307 et
559 2275 698 2308 devotus

293 2323 421 2356 Chorus
447 2324 510 2357 iste
537 2328 722 2366 veneretur,

290 2372 354 2405 Dei
381 2378 518 2406 matrem
545 2378 576 2406 et
603 2376 769 2415 precetur,

240 2421 287 2456 Ut
316 2431 375 2455 nos
401 2422 450 2456 ita
475 2423 536 2456 sub
562 2423 624 2456 hac
652 2423 719 2456 vita

291 2471 436 2505 Mundos
463 2473 551 2505 omni
579 2473 659 2505 vitio

291 2521 395 2555 Caros
421 2523 543 2555 reddat
568 2521 648 2563 filio,

954 1880 1046 1919 Quod
1074 1879 1178 1919 ipsius
1206 1888 1303 1920 prece
1331 1880 1402 1920 pius

952 1929 1032 1962 Piae
1060 1929 1174 1961 matris
1201 1938 1301 1970 regno
1324 1929 1428 1969 patris

953 1979 1029 2020 Ipsa
1055 1978 1137 2010 duce
1163 1988 1241 2010 vera
1262 1978 1334 2010 luce

953 2028 1033 2060 Frui
1062 2027 1160 2060 donet
1187 2033 1217 2060 et
1247 2032 1379 2060 coronet

953 2077 997 2111 Ut
1018 2077 1156 2109 dilectos
1183 2082 1214 2109 et
1242 2078 1362 2109 electos

1004 2127 1131 2159 Laurea
1158 2127 1359 2167 triumphali.

991 2235 1055 2267 Ad
1090 2235 1363 2268 Matutinum.

1071 2303 1292 2331 Invitatorium.

953 2373 1075 2406 Salutis
1103 2380 1239 2407 matrem

1001 2423 1175 2456 adoremus
1202 2424 1372 2465 virginem,

952 2472 1052 2507 Cuius
1079 2474 1236 2506 sanctitas
1264 2472 1383 2505 mundo

1001 2521 1105 2554 Deum
1133 2523 1219 2566 parit
1245 2527 1277 2554 et
1303 2522 1476 2558 hominem.
