1650 2727
690 140 926 176 -48.-

265 236 326 269 Ad
363 237 633 272 Matutinum.
873 242 905 274 2.
932 239 974 272 Se
1000 239 1168 272 confessus
1193 248 1285 272 ovem

979 289 1109 321 Domini
1136 289 1197 321 sibi
1226 287 1368 321 concinit
1391 287 1477 321 oden

806 374 810 376 ,
932 337 995 369 Hic
1023 344 1159 379 martyr,
1187 343 1300 378 portas

232 387 422 421 Sanctorum
450 389 518 431 regi
982 387 1028 418 sic
1054 387 1180 419 intrans
1207 387 1276 418 eius
1302 389 1446 426 apertas.

280 437 451 470 iubilemus
479 438 621 471 carmine
648 439 724 480 iugi,

232 486 474 528 Chrysogonum
502 488 622 519 sanetis

283 536 335 576 qui
358 535 460 567 iunxit
484 537 514 567 in
535 536 666 567 aethere
684 536 808 569 turmis.

340 310 472 338 Invitato
476 312 499 338 ri
504 319 560 337 um.

874 471 905 503 3.
934 469 1048 500 Almus
1076 469 1305 510 Chrysogonus

983 527 1054 550 cum
1066 527 1202 558 corpore
1210 522 1382 557 menteque
1389 521 1476 549 totus

936 565 1098 598 Christum
1127 566 1240 608 sitivit,

983 615 1071 646 cuius
1097 615 1257 656 magnalia
1285 614 1379 649 vidit.

319 673 379 703 Ad
420 671 599 705 I‘ssudcs'
874 699 905 731 4.
934 696 1055 729 Cuncta
1083 703 1193 730 creata
1219 697 1322 729 Deum

356 743 555 779 Antiphonae.
983 745 1479 786 benedicantnuncetinaevum,

935 795 1029 826 Hunc
1056 798 1171 826 testem
1199 795 1323 827 cunctis

175 824 208 856 1·
234 822 379 854 Forme‘
405 827 571 855 “effictus
983 843 1098 875 merito
1122 843 1227 875 iunxit
1249 845 1323 884 quia
1344 843 1477 876 sanctis.

285 871 423 903 Domino
435 870 664 911 Chrysogonus
671 870 776 902 almus

234 919 278 952 Ut
306 919 421 952 fluctus
449 919 565 950 nimios
875 923 907 953 5.
935 920 1100 952 Christum
1125 929 1198 952 cum
1225 926 1338 953 sancto

284 969 428 1000 homines
453 968 619 1008 superavit
638 967 776 1008 iniquOS,
984 969 1037 1009 pie
1071 969 1279 1010 Chrysogono
1312 969 1479 1002 reboando

234 1017 314 1048 Esse
343 1017 461 1048 docens
488 1017 644 1055 templum
937 1018 1060 1058 lugiter
1085 1017 1243 1050 insomnis

284 1066 403 1098 Christi
417 1074 474 1105 per
484 1065 591 1096 saecla
604 1064 790 1098 verendum.
982 1066 1126 1106 laudato,
1155 1066 1303 1106 spiritus‘
1317 1067 1432 1098 omnis.

218 1143 301 1170 Brev.
327 1152 378 1169 nis.
394 1143 638 1170 Emmeramense
655 1150 731 1169 saec.
747 1139 791 1168 15.
807 1141 878 1169 Cod.
894 1143 1073 1170 Lambacen.
1090 1143 1225 1170 CLXIX.
1248 1158 1284 1161 —
1309 1143 1351 1171 In
1367 1142 1480 1170 Laud.

137 1182 161 1211 A
183 1182 210 1216 4,
232 1182 250 1209 4
274 1183 428 1217 unixitque
450 1182 572 1209 sanctis.

533 1315 571 1345 19.
616 1313 656 1345 De
679 1322 703 1344 s.
726 1312 883 1353 cypriano
906 1314 1083 1347 Tolonensi.

295 1407 354 1439 Ad
394 1408 586 1446 Vespera
599 1416 622 1438 s,
877 1408 907 1439 5.
938 1408 1079 1440 Consors
1107 1408 1187 1439 caeli
1215 1408 1399 1450 spirituum,

984 1457 1041 1489 Pie
1067 1462 1163 1496 pater
1192 1456 1396 1497 miserorum,

936 1504 982 1536 Te
1008 1514 1094 1536 nunc
1119 1509 1191 1537 vota
1218 1506 1420 1545 precantium

177 1574 206 1607 1.
235 1573 339 1604 Adest
368 1573 436 1604 dies
463 1572 617 1611 laetitiae,
986 1554 1076 1585 1115Ῐᾶ
1102 1562 1230 1594 susmpe
1257 1558 1398 1589 morum·

286 1623 403 1654 Patent
430 1621 511 1652 caeli
538 1620 671 1660 palatia,

235 1670 369 1702 Doctori
396 1679 499 1701 novae
525 1670 648 1709 gratiae

284 1719 378 1751 Nova
404 1717 570 1750 confertur
597 1718 711 1759 gloria.

359 1483 558 1517 Antiphnnae.

1034 1640 1078 1667 Ad
1100 1640 1284 1675 Magnificat.

870 1700 910 1733 A.
937 1699 963 1731 Ο
991 1703 1103 1739 pastor
1129 1699 1268 1741 egregie.¹

984 1748 1107 1780 Doctor
1134 1749 1295 1789 veritatis,

937 1796 985 1828 Tu
1012 1806 1125 1829 norma
1150 1797 1304 1838 iustitiae,

987 1845 1089 1877 Iudex
1115 1846 1299 1885 aequitatis,

935 1893 1108 1936 Speculum
1136 1894 1320 1926 munditiae.

984 1944 1101 1976 Custos
1127 1943 1325 1984 sanctitatis,

937 1991 1004 2023 Nos
1030 1992 1072 2022 ad
1100 2000 1233 2032 regnunt
1262 1993 1385 2034 gloriae

984 2040 1098 2072 Deduc
1125 2050 1195 2072 cum
1225 2040 1340 2075 beatis.

176 1827 208 1859 2.
236 1825 352 1859 Carnis
379 1825 463 1857 liber
488 1826 651 1865 ergastulo

286 1875 352 1906 Iam
380 1884 449 1906 curn
468 1874 609 1914 pastoris
628 1873 778 1906 mercede

237 1923 326 1956 Caeli
354 1924 478 1963 potitur
504 1923 624 1964 pabulo

286 1972 464 2013 Clarusque
492 1973 634 2005 doctoris
660 1972 748 2005 sede.

177 2082 211 2113 3.
240 2080 359 2112 Vivens
387 2078 523 2121 refulget
551 2080 667 2120 gratia,

285 2129 367 2161 Bina
394 2133 465 2169 post
490 2129 584 2161 finem
611 2128 734 2162 laboris
963 2149 1009 2180 In
1047 2148 1077 2181 1·
1116 2147 1311 2181 Noeturn
1325 2159 1354 2182 Ο·

236 2177 425 2219 congaudet
453 2182 582 2209 sanctus
609 2177 713 2218 gloria

286 2227 381 2259 Vitae
406 2227 501 2259 simul
529 2232 559 2258 et
586 2227 729 2262 honoris,
1059 2215 1259 2250 Antiphonae.

876 2285 908 2318 1.
936 2284 1130 2325 Cyprianus,
1161 2285 1209 2317 vir
1235 2286 1388 2326 optimus,

177 2336 210 2370 4.
239 2334 264 2367 Ο
292 2338 386 2375 pater
412 2340 534 2374 sancte,
562 2334 637 2367 filiis
938 2334 974 2366 In
1004 2333 1135 2368 Christo
1163 2334 1384 2376 fidelissimus,

287 2382 407 2417 Confer
433 2383 703 2422 benedictionem,
936 2381 1082 2416 Caesarii
1110 2382 1291 2424 discipulus

239 2431 381 2466 Salutem
410 2432 502 2465 nobis
528 2434 679 2474 impetra,
933 2431 1002 2473 Fit,
1030 2440 1136 2464 comes
1162 2431 1363 2467 individuus,

289 2482 421 2516 Gratiae
447 2482 692 2522 plenitudinem.
934 2480 1079 2522 Eiusque
1105 2486 1214 2514 servat
1240 2483 1373 2516 monita.
