1650 2727
205 244 236 278 2.
263 244 440 286 Quisquam
467 243 528 276 tibi
554 244 669 276 similis
911 244 942 278 7.

314 293 388 326 Non
415 292 480 326 fuit
504 293 677 333 hactenus,

265 342 412 383 Corpore
438 341 594 374 curabilis

313 391 462 424 Moribus
489 399 523 423 es
549 392 676 432 plenus,

265 439 361 484 Nam,
388 440 467 472 licet
491 440 536 472 sis
564 439 695 479 nobilis,

313 489 396 522 Avis
421 493 486 522 tam
513 497 659 529 serenus,

264 537 456 579 Exsuperas
483 547 608 570 morum

312 586 484 620 nobilitate
511 594 626 628 genus.

229 747 237 755 .
264 723 312 755 Es
339 722 495 754 virtutum
520 722 643 759 alveus,

315 771 431 804 Custos
459 775 491 802 et
515 775 686 813 patronus,

266 821 368 853 Totus
391 829 425 851 es
452 821 610 863 sidereus,

315 869 394 901 Tam
423 870 465 903 ad
494 870 612 902 bonum
638 877 771 911 pronus,

266 919 388 959 Quodsi
417 927 520 950 essem
548 917 684 957 ferreus,

314 967 448 1009 Tamen,
476 977 572 1008 quam
599 968 642 1000 sis
670 968 782 1011 bonuS,

267 1017 384 1050 Dicere
412 1022 583 1049 conantem

317 1066 505 1098 debilitaret
532 1075 623 1099 onus.

206 1211 236 1230 2.
265 1197 329 1231 Sed
357 1202 393 1230 ut
419 1199 535 1238 loquar
561 1198 704 1241 brevius,

313 1247 464 1280 Conferri
494 1247 554 1279 tibi
581 1257 633 1280 res

262 1296 363 1329 Nulla
390 1301 508 1339 potest,
537 1298 637 1329 totius

311 1345 475 1378 Bonitatis
503 1347 553 1378 vir
579 1355 623 1387 es,

261 1395 345 1428 Nam
376 1396 407 1427 in
435 1404 532 1428 sensu
559 1395 667 1435 potius

310 1443 412 1483 Quam
440 1444 594 1477 Salomon
621 1445 728 1485 vires3

260 1493 334 1526 Heu
360 1493 450 1534 mihi,
479 1497 544 1526 tam
573 1504 695 1534 parvas

309 1542 397 1583 quod
406 1542 527 1575 habent
535 1552 606 1575 mea
613 1543 758 1576 carmina
767 1543 852 1576 vires
864 1544 870 1575 !

226 1702 233 1709 .
261 1675 335 1708 Non
361 1677 492 1715 mirum,
519 1677 760 1718 languescimus

310 1726 402 1760 Intus
428 1730 526 1766 atque
553 1724 644 1766 foris,

262 1774 358 1813 Nam,
386 1775 545 1816 quidquid
574 1775 745 1808 habuimus

309 1824 348 1858 In
373 1824 467 1857 vultu
494 1825 634 1864 decoris,

265 1873 400 1907 Penitus
428 1875 687 1915 consumpsimus

311 1923 378 1957 Sub
404 1923 534 1964 pondus
561 1923 693 1965 laboris,

259 1971 428 2014 Quidquid
455 1976 488 2005 et
514 1973 546 2006 in
575 1973 669 2006 nobis

310 2023 376 2055 vivi
403 2021 466 2055 fuit
491 2027 590 2065 atque
616 2023 749 2064 vigoris.

223 2189 230 2197 .
259 2160 395 2195 sufferri
423 2161 546 2194 diutius

307 2210 433 2252 Nequit
458 2210 553 2245 labor
580 2211 713 2252 gravis3

257 2260 342 2302 Quid
370 2264 420 2293 est
447 2260 532 2294 bono
557 2259 710 2293 firmius?

309 2309 442 2343 Defecit
467 2319 527 2343 sua
553 2310 618 2349 vis;

259 2358 313 2392 Sis
339 2367 417 2401 ergo
443 2358 610 2401 propitius

309 2407 414 2441 Nobis
441 2413 474 2442 et
500 2408 622 2451 suavis,

258 2456 384 2491 Nostra,
410 2467 451 2490 ne
476 2467 572 2499 quam
601 2458 699 2492 citius

310 2510 478 2549 mergatur
495 2507 530 2540 in
548 2515 690 2549 aequore
704 2508 810 2542 navis.

889 1677 946 1711 10.

889 2162 944 2196 11.

970 243 1038 276 Nos
1064 253 1126 284 per
1151 244 1227 276 anni
1254 245 1409 276 circulum

1019 292 1154 325 Fuimus
1180 293 1362 336 studentes,

970 341 1140 375 studendo
1167 343 1394 383 corpusculum

1020 391 1176 422 Nostrum
1203 395 1394 429 atterentes,

970 440 1091 474 Parum
1119 440 1227 471 cordis
1254 440 1384 472 oculum

1019 487 1110 520 Alibi
1138 491 1307 528 ponentes,

972 536 1147 570 Sufficiens
1175 537 1305 577 epulum

1021 587 1074 618 vix
1103 585 1197 618 nobis
1225 585 1450 627 suscipientes.

938 747 945 754 .
974 721 1048 754 Non
1075 721 1171 754 modo
1200 722 1382 753 contrarius

1022 771 1166 803 Nostrae
1194 771 1365 811 voluntati,

973 821 1024 853 Du
1050 825 1179 860 portum
1207 830 1302 861 quam
1331 820 1425 851 citius

1022 869 1193 910 Fatigatae
1220 870 1294 905 rati,

973 918 1057 951 Nam
1086 928 1163 950 cura
1191 919 1312 951 diutius

1024 967 1216 1001 Scholarum
1244 968 1381 1007 gravati,

979 1016 1156 1049 Possumus
1184 1017 1321 1048 ulterius

1021 1067 1076 1098 vix
1103 1067 1255 1106 graviora
1281 1066 1362 1106 pati.

975 1198 1050 1231 Sine
1078 1208 1169 1230 mora
1195 1199 1319 1230 licitum

1020 1248 1069 1280 Sit
1096 1248 1189 1280 nobis
1217 1248 1382 1284 collatum,

970 1297 1017 1331 Ut
1044 1297 1186 1329 colamus
1212 1298 1361 1329 inclitum

1020 1347 1141 1386 Regem
1171 1355 1281 1387 regum
1310 1353 1433 1387 natum7

971 1396 1086 1429 Ortum
1114 1400 1179 1428 tam
1207 1396 1384 1433 insolitum,

1020 1445 1101 1477 Tam
1129 1446 1224 1485 louge
1250 1444 1448 1487 praefatum,

971 1495 1111 1527 Pandite
1137 1504 1223 1526 nunc
1250 1494 1342 1526 nobis

1021 1544 1208 1584 praesentia
1238 1544 1367 1575 numina
1396 1548 1519 1577 vatum.

974 1677 1066 1709 Deus
1094 1677 1207 1709 voleus
1235 1677 1375 1717 solvere,

1022 1727 1114 1767 Quod
1142 1727 1291 1767 promisit
1319 1726 1460 1770 pridem,

972 1775 1114 1808 Manam
1143 1776 1263 1816 eligere

1022 1825 1230 1868 Thalamum,
1259 1825 1383 1857 ibidem

973 1875 1083 1907 Voluit
1110 1878 1141 1906 et
1168 1884 1296 1906 sumere

1021 1924 1160 1957 Carnem
1187 1934 1321 1956 manens
1348 1925 1446 1964 idem,

973 1974 1068 2015 Quod
1095 1972 1168 2014 fuit,
1196 1978 1229 2006 et
1255 1977 1418 2014 sumptam

1021 2032 1103 2064 pace
1130 2032 1261 2055 manere
1290 2024 1399 2056 fidem.

972 2162 1033 2195 Est
1060 2161 1168 2195 factus
1195 2164 1236 2194 ad
1266 2163 1425 2203 virginem

1021 2211 1136 2244 Sermo
1162 2211 1348 2244 Gabrielis:

974 2261 1023 2294 Tu
1051 2261 1160 2301 paries
1190 2257 1350 2293 hominem

1022 2309 1191 2351 Deumque
1219 2311 1258 2342 do
1287 2310 1397 2346 caelis,

974 2360 1075 2401 Virgo
1101 2368 1239 2392 noscens
1266 2360 1427 2391 neminem

1024 2408 1141 2450 Stupet
1169 2409 1209 2441 de
1236 2409 1385 2449 loquelis,

973 2459 1087 2492 Donec
1113 2459 1160 2490 ait
1187 2458 1340 2490 Gabriel:

1023 2511 1158 2540 careant
1175 2511 1231 2540 tua
1250 2508 1351 2540 verba
1368 2507 1523 2548 querelis.
