1650 2727
714 153 950 190 ,74-

297 257 344 290 In
388 257 418 289 1.
454 256 689 290 Nocturno.

390 342 590 378 Antiphonae.

212 441 245 476 1.
275 440 438 475 Praefecti
465 449 582 483 genere

318 500 393 522 rosa
419 490 638 532 progreditur,

272 540 369 573 Cuius
397 539 479 571 odor

321 597 380 628 per
407 587 560 620 mundum
587 586 762 629 spargitur.

210 687 242 718 2.
271 685 428 717 Mundum
455 684 537 724 fugit

319 743 476 773 spernens
503 733 631 774 illicita,

273 782 376 814 Deum
405 783 513 822 pulsat

318 840 416 870 prece
442 829 589 864 mirifica.

211 929 243 962 3.
270 928 361 959 Haec
389 931 574 959 constanter

322 981 494 1015 tyrannum
522 980 665 1014 superat,

269 1025 352 1056 Dum
381 1023 545 1055 ferventer

319 1072 416 1103 tidem
443 1071 623 1103 annuntiat.

385 1197 596 1233 Responsoria.

234 1301 241 1308 .
269 1275 426 1308 Mundum
456 1275 559 1307 calcat
588 1275 646 1306 sub
676 1276 814 1315 pedibus

320 1323 453 1355 Romam
484 1323 722 1363 derelinquens,

272 1373 410 1404 Deserta
437 1373 508 1405 loca
534 1376 710 1403 transmeat

321 1420 483 1460 obsequiis
510 1420 675 1452 insistens.

226 1470 247 1502 ⁷.
276 1469 397 1501 Mentis
425 1477 558 1500 servans
584 1469 787 1511 munditiam,

325 1518 432 1548 carnis
460 1516 689 1557 virginitatem,

273 1567 342 1598 Deo
370 1566 492 1597 servire
519 1566 643 1597 studuit

323 1622 383 1653 per
406 1623 530 1645 morum
557 1613 771 1648 honestatem.

235 1739 241 1745 .
270 1712 381 1751 Virgo,
416 1711 504 1752 pugil
528 1711 660 1753 Christi,

320 1760 475 1791 virtutum
502 1759 608 1792 forma
636 1759 738 1800 suisti,

272 1810 358 1841 Dum
386 1818 445 1848 pro
471 1808 536 1840 fide
564 1808 683 1841 Christi

322 1858 470 1889 coronari
497 1858 662 1898 meruisti3

218 1906 239 1938 ¹⁷.
267 1906 407 1946 Fulgida
434 1906 528 1937 stella
555 1907 664 1949 maris,

316 1963 374 1986 nos
400 1960 544 1994 protege,
572 1964 631 1986 nos
657 1956 790 1989 tuearis.

237 2078 243 2084 .
271 2052 356 2084 Dum
384 2051 531 2084 Firmiua
565 2061 708 2092 gressum
744 2053 814 2094 figit

318 2101 351 2132 in
378 2100 519 2141 Christo,
548 2105 611 2132 stat
640 2100 779 2140 fortiter,

271 2149 387 2182 Fidem
415 2153 514 2183 tenet.
543 2159 606 2181 non
633 2150 778 2183 mollitur

321 2198 476 2230 resistens
503 2197 652 2232 viriliter.

270 2247 372 2279 ludex
400 2245 479 2278 furit
505 2255 566 2278 nec
593 2248 736 2290 timetur,

320 2295 396 2328 dum
421 2300 531 2336 sperat
558 2296 751 2329 sublimiter.

237 2373 244 2379 .
273 2345 364 2377 Haec
392 2344 613 2377 blandimenta
637 2355 794 2386 respuens

316 2393 456 2426 iudicem
485 2395 645 2436 despexit,

270 2444 306 2477 In
334 2442 464 2477 Christo
491 2452 610 2483 sponso
636 2444 790 2488 glorians,

319 2501 412 2534 quem
439 2493 574 2525 multum
603 2493 728 2526 dilexit.

1001 251 1048 284 In
1086 251 1118 283 2.
1154 248 1393 282 NocturuO.

1095 325 1297 362 Antiphonae.

912 418 943 450 1.
970 417 1056 449 Dum
1082 414 1194 447 iniusti

1018 465 1161 496 lacertus
1187 462 1343 502 tenditur,

969 513 1065 554 Riget
1091 513 1211 547 statim.

1020 569 1220 602 nequaquam
1247 557 1402 592 flectitur.

937 678 944 684 .
973 651 1053 684 Orat
1079 648 1171 680 firma

1019 697 1166 729 Firmina.
1193 696 1344 736 dulciter,

970 746 1150 779 Relaxatur

1018 794 1175 826 Lacertus
1200 793 1332 834 iugiter.

911 904 942 913 ..
971 882 1086 921 Stupet
1113 881 1225 920 iudex,

1021 929 1129 961 statim
1157 928 1368 967 convertitur,

973 977 1090 1010 Fidem
1117 981 1231 1008 tenens

1020 1035 1080 1066 pro
1106 1025 1172 1057 fide
1198 1024 1347 1057 moritur.

1090 1132 1302 1167 Responsuria.

935 1227 942 1234 .
972 1200 1099 1234 Nobilis
1127 1204 1175 1232 est
1202 1208 1319 1239 genere

1018 1248 1258 1289 praefectorum
1285 1248 1426 1286 alumna,

973 1299 1110 1332 Gentem
1138 1297 1259 1329 devicit
1285 1294 1464 1336 perfidam-

1021 1355 1082 1386 que
1108 1346 1204 1378 nimis
1231 1344 1441 1376 furibundam

975 1397 1134 1430 Coronam
1162 1395 1293 1426 lucrans
1320 1393 1443 1435 gloriae

1021 1443 1166 1483 pretiose
1190 1442 1376 1474 iucundam.

921 1490 942 1522 ⁷.
972 1493 1062 1525 Haec
1089 1492 1249 1524 convertit
1277 1490 1462 1530 praesidem

974 1541 1152 1580 Secumque
1179 1539 1279 1571 traxit
1302 1538 1443 1571 iudicem

1021 1589 1075 1620 Ad
1103 1589 1238 1629 gloriam
1267 1589 1464 1620 caelorum.⁴

938 1702 945 1709 .
974 1678 1074 1716 Virgo
1100 1675 1295 1717 flagellatur.

1022 1725 1234 1765 suspenditur
1261 1728 1293 1755 et
1319 1724 1496 1765 cruciatur,

972 1776 1002 1806 A
1029 1773 1158 1806 Christo
1179 1773 1310 1804 iuvatur

1019 1830 1079 1853 nec
1104 1821 1242 1863 flagellis
1268 1824 1452 1862 superatur.

922 1867 944 1905 ’.
973 1871 1043 1904 Stat
1080 1875 1267 1903 constanter
1293 1869 1382 1911 pugil
1410 1869 1517 1904 fortis,

970 1919 1085 1951 Fidem
1112 1922 1201 1951 tenet
1229 1919 1308 1950 hora
1335 1919 1460 1957 mortis,

1020 1967 1106 2000 Dum
1144 1976 1203 2008 pro
1229 1967 1359 2000 Christo
1384 1968 1519 2008 patitur.

913 2058 944 2089 23.
973 2056 1058 2088 Dum
1086 2055 1211 2088 orantis

1023 2104 1143 2136 devota
1170 2104 1315 2136 earmina

971 2153 1060 2187 Caeli
1088 2156 1204 2193 petunt

1018 2201 1085 2234 alta
1112 2202 1275 2243 sublimia,

968 2251 1048 2284 Mox
1075 2251 1260 2284 redduntur

1019 2300 1154 2340 stupida
1179 2299 1317 2332 brachia

1069 2350 1138 2382 Iam
1163 2349 1266 2382 fideli.

933 2423 940 2430 .
969 2396 1132 2431 Adflictas
1160 2397 1308 2441 verbere,

970 2447 1138 2480 Promittit
1165 2447 1310 2488 credere,

973 2496 1137 2529 Redditur
1162 2496 1296 2531 sanitas
