1650 2727
705 945 725 976 l.
770 945 826 976 Die
849 943 1021 976 Dominica.

312 1058 357 1089 In
396 1057 425 1089 1.
464 1056 698 1089 Nocturna

407 1133 610 1170 Antiphonae.

222 1225 252 1258 1.
288 1224 351 1255 Pro
377 1222 456 1255 fidei
483 1223 608 1255 meritis

334 1273 494 1305 vocitatur
521 1273 591 1304 iure
619 1272 743 1306 beatuS.

284 1322 403 1362 Legem
431 1322 486 1362 qui
514 1322 644 1353 Domini

331 1371 510 1403 meditatur
536 1375 632 1402 nocte
660 1371 789 1411 dieque.

221 1471 255 1504 2.
288 1471 377 1502 Iuste
404 1469 494 1501 Deus
521 1469 630 1509 iudex,

333 1517 443 1560 fortis,
462 1518 656 1559 patiensque
673 1517 841 1559 benignus,

284 1568 322 1600 In
348 1571 382 1600 te
408 1571 582 1608 sperantes

333 1617 421 1649 muni
448 1616 636 1648 miserando
661 1616 788 1648 fideles.

219 1717 253 1749 3.
286 1715 390 1756 Surge
417 1718 449 1746 et
475 1715 508 1746 in
535 1719 704 1746 aeternum

328 1773 422 1796 serva
451 1764 628 1796 munimine
655 1773 748 1796 sacro

280 1813 481 1854 Custodique
509 1818 591 1855 mOS,

329 1863 541 1905 astripotens,
570 1861 722 1895 famulos.

313 2031 361 2064 ln
395 2032 428 2064 2.
466 2029 706 2063 Nocturno.

405 2108 608 2143 Antiphonae.

219 2200 235 2233 1
243 2225 251 2233 .
284 2198 433 2231 Naturae
460 2198 601 2240 genitor,

330 2257 492 2282 conserva
517 2252 622 2279 morte
642 2247 830 2287 redemptos

279 2298 414 2338 Facque
440 2301 497 2329 tuo
524 2296 640 2338 dignos

329 2346 466 2379 servitio
493 2344 644 2379 famulos.

894 1058 927 1090 2.
961 1058 1098 1090 Pectora
1125 1062 1237 1089 nostra
1265 1057 1326 1089 tibi

1005 1111 1049 1146 tu,
1079 1107 1230 1138 conditor
1256 1107 1356 1140 orbis,
1385 1107 1486 1139 adure

957 1155 1035 1195 Igne
1063 1155 1116 1194 pio
1144 1165 1289 1196 purgans

1005 1209 1101 1243 atque
1129 1205 1304 1237 cremando
1331 1204 1486 1245 probans,

920 1317 927 1324 .
960 1291 1008 1323 Tu
1037 1292 1192 1331 populum
1221 1293 1372 1326 humilem

1003 1340 1138 1372 salvasti
1153 1342 1194 1374 ab
1216 1343 1318 1379 hoste,
1339 1342 1538 1382 redemptor,

955 1392 1064 1429 Atque
1091 1393 1233 1430 superba
1262 1397 1317 1424 tuo

1003 1439 1088 1470 colla
1115 1442 1236 1479 premis
1266 1441 1382 1472 iaculo.

1021 1568 1067 1600 In
1105 1569 1136 1601 3.
1175 1568 1411 1601 Nocturno.

1119 1645 1322 1682 Antiphonae.

919 1752 925 1758 .
958 1725 1105 1765 Sponsus
1130 1732 1164 1758 ut
1193 1735 1210 1757 e
1237 1726 1381 1759 thalamo

1002 1776 1162 1815 processit
1188 1775 1338 1809 Christus
1366 1776 1398 1808 in
1427 1776 1539 1808 orbem

953 1824 1166 1856 Descendens
1191 1825 1282 1856 caelo

1002 1873 1072 1905 iure
1099 1873 1283 1906 salutifero

918 1988 924 1994 .
957 1961 1126 1994 Auxilium
1154 1962 1258 2002 nobis,

1004 2011 1159 2046 salvator,
1188 2013 1280 2043 mitte
1308 2012 1421 2044 salutis

955 2061 999 2093 Et
1024 2061 1151 2093 tribuas
1180 2062 1279 2093 vitam

1004 2114 1151 2150 tempore
1180 2117 1351 2151 perpetuo,

893 2220 925 2232 ..
955 2199 1024 2231 Rex
1052 2198 1121 2230 sine
1149 2198 1211 2231 fine
1240 2209 1385 2238 manens,

1004 2247 1132 2279 miseris
1159 2254 1192 2279 tu
1220 2257 1319 2288 parce
1347 2249 1448 2280 ruinis

954 2296 1104 2330 Praemia
1132 2297 1325 2333 concedens.

1003 2346 1137 2378 aethera
1164 2351 1279 2379 cuncta
1308 2356 1433 2387 regens,

263 2454 352 2482 Brev.
375 2462 430 2481 ms.
452 2455 620 2482 Baiocense
643 2461 721 2481 saec.
747 2450 821 2480 ¹³l14.
844 2453 918 2481 Cod.
941 2453 1038 2489 Capit.
1062 2453 1203 2481 Baiocen.
1226 2452 1271 2481 74.
1297 2469 1330 2472 —
1347 2455 1409 2483 Der
1424 2456 1543 2491 Anfang

184 2493 236 2522 des
259 2493 418 2522 Officiums
438 2493 515 2521 fehlt
536 2494 568 2520 in
589 2492 642 2520 der
663 2493 719 2520 Hs.
735 2506 772 2511 —
794 2493 837 2520 In
864 2490 892 2520 3.
921 2493 1027 2520 Noct.
1050 2492 1075 2521 A
1099 2491 1123 2524 1,
1149 2492 1161 2520 1
1186 2497 1219 2521 ut
1240 2497 1270 2522 et
1289 2493 1431 2524 thalamo.
1459 2511 1491 2514 ——
1517 2495 1542 2525 A

181 2531 210 2568 3,
232 2531 253 2561 4
275 2533 317 2561 Et
337 2536 390 2561 tua
411 2535 530 2561 cuncta.
