<?xml version="1.0" encoding="UTF-8"?>
<!DOCTYPE html PUBLIC "-//W3C//DTD XHTML 1.0 Transitional//EN"
    "http://www.w3.org/TR/xhtml1/DTD/xhtml1-transitional.dtd">
<html xmlns="http://www.w3.org/1999/xhtml" xml:lang="en" lang="en">
 <head>
  <title>
</title>
<meta http-equiv="Content-Type" content="text/html;charset=utf-8" />
  <meta name='ocr-system' content='tesseract 3.04.00' />
  <meta name='ocr-capabilities' content='ocr_page ocr_carea ocr_par ocr_line ocrx_word'/>
</head>
<body>
  <div class='ocr_page' id='page_1' title='image "./lta-2000/analectahymnica45drevuoft/analectahymnica45drevuoft_0245.png"; bbox 0 0 1650 2727; ppageno 0'>
   <div class='ocr_carea' id='block_1_1' title="bbox 670 139 912 175">
    <p class='ocr_par' dir='ltr' id='par_1_1' title="bbox 670 139 912 175">
     <span class='ocr_line' id='line_1_1' title="bbox 670 139 912 175; baseline -0.004 -11"><span class='ocrx_word' id='word_1_1' title='bbox 670 139 912 175; x_wconf 60' lang='grc'>,30-</span> 
     </span>
    </p>
   </div>
   <div class='ocr_carea' id='block_1_2' title="bbox 137 236 1360 524">
    <p class='ocr_par' dir='ltr' id='par_1_2' title="bbox 137 236 1360 524">
     <span class='ocr_line' id='line_1_2' title="bbox 137 236 1360 282; baseline 0.002 -13"><span class='ocrx_word' id='word_1_2' title='bbox 137 237 169 269; x_wconf 82' lang='grc'>3.</span> <span class='ocrx_word' id='word_1_3' title='bbox 196 236 279 279; x_wconf 89' lang='lat' dir='ltr'>Eva,</span> <span class='ocrx_word' id='word_1_4' title='bbox 308 237 357 269; x_wconf 86' lang='lat' dir='ltr'>cui</span> <span class='ocrx_word' id='word_1_5' title='bbox 385 238 582 278; x_wconf 77' lang='lat' dir='ltr'>crediderat,</span> <span class='ocrx_word' id='word_1_6' title='bbox 837 241 870 272; x_wconf 85' lang='lat'>4.</span> <span class='ocrx_word' id='word_1_7' title='bbox 895 239 964 271; x_wconf 88' lang='lat' dir='ltr'>Lex</span> <span class='ocrx_word' id='word_1_8' title='bbox 991 238 1032 272; x_wconf 86' lang='lat' dir='ltr'>ad</span> <span class='ocrx_word' id='word_1_9' title='bbox 1059 239 1166 272; x_wconf 88' lang='lat' dir='ltr'>lucem</span> <span class='ocrx_word' id='word_1_10' title='bbox 1193 242 1360 282; x_wconf 82' lang='lat' dir='ltr'><strong>properat,</strong></span> 
     </span>
     <span class='ocr_line' id='line_1_3' title="bbox 245 286 1267 328; baseline 0.001 -10"><span class='ocrx_word' id='word_1_11' title='bbox 245 286 351 327; x_wconf 89' lang='lat' dir='ltr'>Caput</span> <span class='ocrx_word' id='word_1_12' title='bbox 378 287 527 327; x_wconf 89' lang='lat' dir='ltr'>conterit,</span> <span class='ocrx_word' id='word_1_13' title='bbox 949 287 1104 321; x_wconf 85' lang='lat' dir='ltr'><strong>Umbram</strong></span> <span class='ocrx_word' id='word_1_14' title='bbox 1134 287 1267 328; x_wconf 85' lang='lat' dir='ltr'>deserit,</span> 
     </span>
     <span class='ocr_line' id='line_1_4' title="bbox 196 334 1342 380; baseline 0.001 -13"><span class='ocrx_word' id='word_1_15' title='bbox 196 334 341 374; x_wconf 86' lang='lat' dir='ltr'>Librum,</span> <span class='ocrx_word' id='word_1_16' title='bbox 368 345 461 377; x_wconf 85' lang='lat' dir='ltr'>quem</span> <span class='ocrx_word' id='word_1_17' title='bbox 488 336 540 369; x_wconf 88' lang='lat' dir='ltr'>lex</span> <span class='ocrx_word' id='word_1_18' title='bbox 574 336 744 374; x_wconf 81' lang='lat' dir='ltr'>clauserat,</span> <span class='ocrx_word' id='word_1_19' title='bbox 896 337 1015 378; x_wconf 85' lang='lat' dir='ltr'>Legem</span> <span class='ocrx_word' id='word_1_20' title='bbox 1040 337 1094 369; x_wconf 88' lang='lat' dir='ltr'>lux</span> <span class='ocrx_word' id='word_1_21' title='bbox 1121 346 1186 370; x_wconf 92' lang='lat' dir='ltr'>non</span> <span class='ocrx_word' id='word_1_22' title='bbox 1212 337 1342 380; x_wconf 82' lang='lat' dir='ltr'>alterat,</span> 
     </span>
     <span class='ocr_line' id='line_1_5' title="bbox 241 384 1265 426; baseline 0.004 -10"><span class='ocrx_word' id='word_1_23' title='bbox 241 384 353 425; x_wconf 82' lang='lat' dir='ltr'>Agnus</span> <span class='ocrx_word' id='word_1_24' title='bbox 377 386 493 424; x_wconf 86' lang='lat' dir='ltr'>aperit.</span> <span class='ocrx_word' id='word_1_25' title='bbox 945 385 1008 418; x_wconf 88' lang='lat' dir='ltr'>Sed</span> <span class='ocrx_word' id='word_1_26' title='bbox 1037 386 1110 426; x_wconf 87' lang='lat' dir='ltr'>plus</span> <span class='ocrx_word' id='word_1_27' title='bbox 1136 386 1265 420; x_wconf 83' lang='lat' dir='ltr'>asserit.</span> 
     </span>
     <span class='ocr_line' id='line_1_6' title="bbox 199 432 1312 476; baseline 0 -10"><span class='ocrx_word' id='word_1_28' title='bbox 199 432 308 475; x_wconf 83' lang='lat' dir='ltr'>Virga,</span> <span class='ocrx_word' id='word_1_29' title='bbox 336 442 417 474; x_wconf 84' lang='lat' dir='ltr'>quae</span> <span class='ocrx_word' id='word_1_30' title='bbox 442 433 607 473; x_wconf 80' lang='lat' dir='ltr'>floruerat,</span> <span class='ocrx_word' id='word_1_31' title='bbox 897 435 1007 476; x_wconf 80' lang='lat' dir='ltr'>Virga,</span> <span class='ocrx_word' id='word_1_32' title='bbox 1036 443 1118 475; x_wconf 86' lang='lat' dir='ltr'>quae</span> <span class='ocrx_word' id='word_1_33' title='bbox 1144 434 1312 471; x_wconf 85' lang='lat' dir='ltr'>floruerat,</span> 
     </span>
     <span class='ocr_line' id='line_1_7' title="bbox 243 483 1211 524; baseline 0.002 -9"><span class='ocrx_word' id='word_1_34' title='bbox 243 483 344 523; x_wconf 81' lang='lat' dir='ltr'>Virgo</span> <span class='ocrx_word' id='word_1_35' title='bbox 370 484 510 524; x_wconf 79' lang='lat' dir='ltr'>peperit.</span> <span class='ocrx_word' id='word_1_36' title='bbox 945 483 1044 524; x_wconf 86' lang='lat' dir='ltr'>Virgo</span> <span class='ocrx_word' id='word_1_37' title='bbox 1070 483 1211 524; x_wconf 81' lang='lat' dir='ltr'>peperit.</span> 
     </span>
    </p>
   </div>
   <div class='ocr_carea' id='block_1_3' title="bbox 543 581 1009 864">
    <p class='ocr_par' dir='ltr' id='par_1_3' title="bbox 543 581 999 673">
     <span class='ocr_line' id='line_1_8' title="bbox 543 581 999 622; baseline -0.002 -9"><span class='ocrx_word' id='word_1_38' title='bbox 543 583 575 614; x_wconf 83' lang='lat'>5.</span> <span class='ocrx_word' id='word_1_39' title='bbox 604 581 730 613; x_wconf 81' lang='lat' dir='ltr'>Pharao</span> <span class='ocrx_word' id='word_1_40' title='bbox 756 590 822 613; x_wconf 88' lang='lat' dir='ltr'>non</span> <span class='ocrx_word' id='word_1_41' title='bbox 847 581 999 622; x_wconf 86' lang='lat' dir='ltr'>imperat,</span> 
     </span>
     <span class='ocr_line' id='line_1_9' title="bbox 651 628 921 673; baseline 0.004 -13"><span class='ocrx_word' id='word_1_42' title='bbox 651 628 756 661; x_wconf 87' lang='lat' dir='ltr'>Undis</span> <span class='ocrx_word' id='word_1_43' title='bbox 784 629 921 673; x_wconf 83' lang='lat' dir='ltr'>deperit,</span> 
     </span>
    </p>

    <p class='ocr_par' dir='ltr' id='par_1_4' title="bbox 600 677 997 759">
     <span class='ocr_line' id='line_1_10' title="bbox 600 677 997 718; baseline 0.005 -10"><span class='ocrx_word' id='word_1_44' title='bbox 600 677 704 716; x_wconf 82' lang='lat' dir='ltr'>Licet,</span> <span class='ocrx_word' id='word_1_45' title='bbox 731 678 785 718; x_wconf 89' lang='lat' dir='ltr'>qui</span> <span class='ocrx_word' id='word_1_46' title='bbox 811 679 997 717; x_wconf 84' lang='lat' dir='ltr'>transierat,</span> 
     </span>
     <span class='ocr_line' id='line_1_11' title="bbox 649 725 941 759; baseline 0.003 -1"><span class='ocrx_word' id='word_1_47' title='bbox 649 725 720 758; x_wconf 90' lang='lat' dir='ltr'>Non</span> <span class='ocrx_word' id='word_1_48' title='bbox 748 727 941 759; x_wconf 87' lang='lat' dir='ltr'>meminerit.</span> 
     </span>
    </p>

    <p class='ocr_par' dir='ltr' id='par_1_5' title="bbox 602 774 1009 864">
     <span class='ocr_line' id='line_1_12' title="bbox 602 774 1009 817; baseline 0.005 -11"><span class='ocrx_word' id='word_1_49' title='bbox 602 776 711 816; x_wconf 85' lang='lat' dir='ltr'>Virga,</span> <span class='ocrx_word' id='word_1_50' title='bbox 739 784 821 815; x_wconf 91' lang='lat' dir='ltr'>quae</span> <span class='ocrx_word' id='word_1_51' title='bbox 846 774 1009 817; x_wconf 84' lang='lat' dir='ltr'>floruerat,</span> 
     </span>
     <span class='ocr_line' id='line_1_13' title="bbox 652 823 918 864; baseline 0.008 -10"><span class='ocrx_word' id='word_1_52' title='bbox 652 823 749 864; x_wconf 85' lang='lat' dir='ltr'>Virgo</span> <span class='ocrx_word' id='word_1_53' title='bbox 777 824 918 864; x_wconf 85' lang='lat' dir='ltr'>peperit.</span> 
     </span>
    </p>
   </div>
   <div class='ocr_carea' id='block_1_4' title="bbox 119 908 1465 1102">
    <p class='ocr_par' dir='ltr' id='par_1_6' title="bbox 119 908 1465 1102">
     <span class='ocr_line' id='line_1_14' title="bbox 198 908 1463 946; baseline 0.002 -9"><span class='ocrx_word' id='word_1_54' title='bbox 198 909 320 937; x_wconf 60' lang='lat' dir='ltr'>colivet.</span> <span class='ocrx_word' id='word_1_55' title='bbox 353 920 406 936; x_wconf 82' lang='lat' dir='ltr'>ms.</span> <span class='ocrx_word' id='word_1_56' title='bbox 428 911 553 937; x_wconf 74' lang='lat' dir='ltr'>Maioris</span> <span class='ocrx_word' id='word_1_57' title='bbox 575 909 753 937; x_wconf 81' lang='lat' dir='ltr'>Monasterii</span> <span class='ocrx_word' id='word_1_58' title='bbox 777 918 852 937; x_wconf 84' lang='lat' dir='ltr'>saec.</span> <span class='ocrx_word' id='word_1_59' title='bbox 878 908 952 938; x_wconf 77' lang='lat' dir='ltr'>¹³lu.</span> <span class='ocrx_word' id='word_1_60' title='bbox 975 910 1046 938; x_wconf 83' lang='lat' dir='ltr'>Cod.</span> <span class='ocrx_word' id='word_1_61' title='bbox 1068 911 1217 938; x_wconf 84' lang='lat' dir='ltr'>Turonen.</span> <span class='ocrx_word' id='word_1_62' title='bbox 1240 909 1296 938; x_wconf 85' lang='lat'>615</span> <span class='ocrx_word' id='word_1_63' title='bbox 1316 910 1403 946; x_wconf 69' lang='lat'>(927).</span> <span class='ocrx_word' id='word_1_64' title='bbox 1426 927 1463 932; x_wconf 83' lang='lat'>-·</span> 
     </span>
     <span class='ocr_line' id='line_1_15' title="bbox 123 947 1463 986; baseline 0.001 -11"><span class='ocrx_word' id='word_1_65' title='bbox 123 948 146 979; x_wconf 84' lang='lat'>1,</span> <span class='ocrx_word' id='word_1_66' title='bbox 172 947 185 975; x_wconf 95' lang='lat'>1</span> <span class='ocrx_word' id='word_1_67' title='bbox 210 949 305 976; x_wconf 74' lang='lat' dir='ltr'>faetus</span> <span class='ocrx_word' id='word_1_68' title='bbox 332 947 514 976; x_wconf 82' lang='lat' dir='ltr'>undeutlich.</span> <span class='ocrx_word' id='word_1_69' title='bbox 541 964 574 967; x_wconf 97' lang='lat'><strong>—</strong></span> <span class='ocrx_word' id='word_1_70' title='bbox 599 948 621 980; x_wconf 81' lang='lat' dir='ltr'>l,</span> <span class='ocrx_word' id='word_1_71' title='bbox 643 948 662 976; x_wconf 90' lang='lat'>4</span> <span class='ocrx_word' id='word_1_72' title='bbox 684 954 809 976; x_wconf 69' lang='lat' dir='ltr'>exserat.</span> <span class='ocrx_word' id='word_1_73' title='bbox 832 963 868 969; x_wconf 84' lang='lat'>-</span> <span class='ocrx_word' id='word_1_74' title='bbox 885 947 910 980; x_wconf 81' lang='lat'>2,</span> <span class='ocrx_word' id='word_1_75' title='bbox 933 947 951 976; x_wconf 87' lang='lat'><strong>3</strong></span> <span class='ocrx_word' id='word_1_76' title='bbox 967 957 1051 985; x_wconf 89' lang='lat' dir='ltr'>quae.</span> <span class='ocrx_word' id='word_1_77' title='bbox 1067 963 1104 968; x_wconf 76' lang='lat'><em>-</em></span> <span class='ocrx_word' id='word_1_78' title='bbox 1119 948 1146 981; x_wconf 74' lang='grc'>3,</span> <span class='ocrx_word' id='word_1_79' title='bbox 1169 948 1186 976; x_wconf 83' lang='grc'>2</span> <span class='ocrx_word' id='word_1_80' title='bbox 1201 949 1313 986; x_wconf 88' lang='lat' dir='ltr'>Captus</span> <span class='ocrx_word' id='word_1_81' title='bbox 1329 954 1463 979; x_wconf 79' lang='lat' dir='ltr'>conterit.</span> 
     </span>
     <span class='ocr_line' id='line_1_16' title="bbox 119 986 1463 1024; baseline 0.004 -11"><span class='ocrx_word' id='word_1_82' title='bbox 119 1001 155 1006; x_wconf 89' lang='lat'>—-</span> <span class='ocrx_word' id='word_1_83' title='bbox 178 987 204 1020; x_wconf 80' lang='lat'>5,</span> <span class='ocrx_word' id='word_1_84' title='bbox 230 986 241 1013; x_wconf 96' lang='grc'>1</span> <span class='ocrx_word' id='word_1_85' title='bbox 267 989 393 1024; x_wconf 77' lang='lat' dir='ltr'>imperat</span> <span class='ocrx_word' id='word_1_86' title='bbox 416 988 598 1015; x_wconf 85' lang='lat' dir='ltr'>undeutlich.</span> <span class='ocrx_word' id='word_1_87' title='bbox 622 1004 657 1007; x_wconf 95' lang='lat'>—</span> <span class='ocrx_word' id='word_1_88' title='bbox 680 988 741 1014; x_wconf 70' lang='lat' dir='ltr'>Ans</span> <span class='ocrx_word' id='word_1_89' title='bbox 763 987 861 1015; x_wconf 73' lang='lat' dir='ltr'>dieser</span> <span class='ocrx_word' id='word_1_90' title='bbox 876 988 930 1015; x_wconf 82' lang='lat' dir='ltr'>Hs.</span> <span class='ocrx_word' id='word_1_91' title='bbox 953 988 1028 1016; x_wconf 88' lang='lat' dir='ltr'>auch</span> <span class='ocrx_word' id='word_1_92' title='bbox 1051 989 1098 1015; x_wconf 77' lang='lat' dir='ltr'>bei</span> <span class='ocrx_word' id='word_1_93' title='bbox 1116 988 1293 1018; x_wconf 75' lang='lat' dir='ltr'>Luzarehes.</span> <span class='ocrx_word' id='word_1_94' title='bbox 1315 989 1406 1018; x_wconf 88' lang='lat' dir='ltr'>Office</span> <span class='ocrx_word' id='word_1_95' title='bbox 1428 991 1463 1018; x_wconf 87' lang='lat' dir='ltr'>de</span> 
     </span>
     <span class='ocr_line' id='line_1_17' title="bbox 119 1025 1465 1063; baseline 0.002 -9"><span class='ocrx_word' id='word_1_96' title='bbox 119 1026 254 1063; x_wconf 62' lang='lat' dir='ltr'>Pitques&#39;,</span> <span class='ocrx_word' id='word_1_97' title='bbox 277 1036 304 1062; x_wconf 89' lang='lat' dir='ltr'>p.</span> <span class='ocrx_word' id='word_1_98' title='bbox 328 1025 365 1053; x_wconf 63' lang='lat'>43</span> <span class='ocrx_word' id='word_1_99' title='bbox 389 1036 448 1062; x_wconf 77' lang='lat' dir='ltr'>sq.,</span> <span class='ocrx_word' id='word_1_100' title='bbox 472 1028 523 1053; x_wconf 83' lang='lat' dir='ltr'>mit</span> <span class='ocrx_word' id='word_1_101' title='bbox 545 1026 702 1062; x_wconf 60' lang='lat' dir='ltr'>folgenden</span> <span class='ocrx_word' id='word_1_102' title='bbox 724 1026 867 1055; x_wconf 76' lang='lat' dir='ltr'>Fehlern:</span> <span class='ocrx_word' id='word_1_103' title='bbox 896 1026 923 1060; x_wconf 83' lang='lat'>2,</span> <span class='ocrx_word' id='word_1_104' title='bbox 945 1026 963 1054; x_wconf 89' lang='grc'>4</span> <span class='ocrx_word' id='word_1_105' title='bbox 985 1028 1081 1062; x_wconf 85' lang='lat' dir='ltr'>Caput</span> <span class='ocrx_word' id='word_1_106' title='bbox 1103 1028 1214 1055; x_wconf 80' lang='lat' dir='ltr'>interit.</span> <span class='ocrx_word' id='word_1_107' title='bbox 1238 1043 1276 1048; x_wconf 88' lang='lat'>—</span> <span class='ocrx_word' id='word_1_108' title='bbox 1297 1028 1323 1063; x_wconf 79' lang='lat'>5,</span> <span class='ocrx_word' id='word_1_109' title='bbox 1345 1028 1364 1058; x_wconf 87' lang='lat'><strong>3</strong></span> <span class='ocrx_word' id='word_1_110' title='bbox 1380 1029 1465 1058; x_wconf 74' lang='lat' dir='ltr'>Licet</span> 
     </span>
     <span class='ocr_line' id='line_1_18' title="bbox 120 1067 401 1102; baseline 0.004 -11"><span class='ocrx_word' id='word_1_111' title='bbox 120 1067 171 1102; x_wconf 84' lang='lat' dir='ltr'>qui</span> <span class='ocrx_word' id='word_1_112' title='bbox 194 1069 255 1093; x_wconf 84' lang='lat' dir='ltr'>tum</span> <span class='ocrx_word' id='word_1_113' title='bbox 278 1068 401 1093; x_wconf 80' lang='lat' dir='ltr'>steterit.</span> 
     </span>
    </p>
   </div>
   <div class='ocr_carea' id='block_1_5' title="bbox 554 1198 1027 1231">
    <p class='ocr_par' dir='ltr' id='par_1_7' title="bbox 554 1198 1027 1231">
     <span class='ocr_line' id='line_1_19' title="bbox 554 1198 1027 1231; baseline -0.002 -1"><span class='ocrx_word' id='word_1_114' title='bbox 554 1199 595 1231; x_wconf 85' lang='lat'>21.</span> <span class='ocrx_word' id='word_1_115' title='bbox 638 1200 671 1230; x_wconf 91' lang='lat' dir='ltr'>ln</span> <span class='ocrx_word' id='word_1_116' title='bbox 695 1198 871 1231; x_wconf 81' lang='lat' dir='ltr'>Nativitate</span> <span class='ocrx_word' id='word_1_117' title='bbox 896 1199 1027 1230; x_wconf 84' lang='lat' dir='ltr'>Domini.</span> 
     </span>
    </p>
   </div>
   <div class='ocr_carea' id='block_1_6' title="bbox 138 1295 1329 1339">
    <p class='ocr_par' dir='ltr' id='par_1_8' title="bbox 138 1295 1329 1339">
     <span class='ocr_line' id='line_1_20' title="bbox 138 1295 1329 1339; baseline -0.002 -9"><span class='ocrx_word' id='word_1_118' title='bbox 138 1297 167 1330; x_wconf 90' lang='lat'>1.</span> <span class='ocrx_word' id='word_1_119' title='bbox 196 1298 361 1336; x_wconf 83' lang='lat' dir='ltr'>Agnoscat</span> <span class='ocrx_word' id='word_1_120' title='bbox 389 1305 482 1328; x_wconf 90' lang='lat' dir='ltr'>omne</span> <span class='ocrx_word' id='word_1_121' title='bbox 509 1295 685 1334; x_wconf 85' lang='lat' dir='ltr'>saeculum,</span> <span class='ocrx_word' id='word_1_122' title='bbox 837 1297 868 1330; x_wconf 78' lang='grc'>3.</span> <span class='ocrx_word' id='word_1_123' title='bbox 896 1296 1003 1328; x_wconf 85' lang='lat' dir='ltr'>Maria</span> <span class='ocrx_word' id='word_1_124' title='bbox 1029 1301 1142 1329; x_wconf 87' lang='lat' dir='ltr'>ventre</span> <span class='ocrx_word' id='word_1_125' title='bbox 1170 1298 1329 1339; x_wconf 84' lang='lat' dir='ltr'>concepit,</span> 
     </span>
    </p>
   </div>
   <div class='ocr_carea' id='block_1_7' title="bbox 138 1345 1438 1630">
    <p class='ocr_par' dir='ltr' id='par_1_9' title="bbox 195 1345 1438 1435">
     <span class='ocr_line' id='line_1_21' title="bbox 197 1345 1438 1388; baseline 0.002 -13"><span class='ocrx_word' id='word_1_126' title='bbox 197 1345 308 1376; x_wconf 89' lang='lat' dir='ltr'>Nostri</span> <span class='ocrx_word' id='word_1_127' title='bbox 337 1346 422 1376; x_wconf 75' lang='lat' dir='ltr'>venit</span> <span class='ocrx_word' id='word_1_128' title='bbox 449 1345 623 1384; x_wconf 83' lang='lat' dir='ltr'>piaculum,</span> <span class='ocrx_word' id='word_1_129' title='bbox 894 1345 1038 1377; x_wconf 84' lang='lat' dir='ltr'>Mundus</span> <span class='ocrx_word' id='word_1_130' title='bbox 1064 1354 1140 1378; x_wconf 86' lang='lat' dir='ltr'>vero</span> <span class='ocrx_word' id='word_1_131' title='bbox 1168 1347 1254 1386; x_wconf 86' lang='lat' dir='ltr'>quod</span> <span class='ocrx_word' id='word_1_132' title='bbox 1280 1347 1438 1388; x_wconf 75' lang='lat' dir='ltr'>percepit,</span> 
     </span>
     <span class='ocr_line' id='line_1_22' title="bbox 195 1393 1314 1435; baseline 0.002 -11"><span class='ocrx_word' id='word_1_133' title='bbox 195 1393 312 1425; x_wconf 89' lang='lat' dir='ltr'>Mortis</span> <span class='ocrx_word' id='word_1_134' title='bbox 338 1394 466 1425; x_wconf 85' lang='lat' dir='ltr'>solvens</span> <span class='ocrx_word' id='word_1_135' title='bbox 492 1393 682 1433; x_wconf 88' lang='lat' dir='ltr'>periculum.</span> <span class='ocrx_word' id='word_1_136' title='bbox 895 1393 945 1425; x_wconf 83' lang='lat' dir='ltr'>Eo</span> <span class='ocrx_word' id='word_1_137' title='bbox 971 1395 1058 1426; x_wconf 84' lang='lat' dir='ltr'>salus</span> <span class='ocrx_word' id='word_1_138' title='bbox 1084 1398 1190 1426; x_wconf 89' lang='lat' dir='ltr'>ortum</span> <span class='ocrx_word' id='word_1_139' title='bbox 1217 1395 1314 1435; x_wconf 89' lang='lat' dir='ltr'>cepit.</span> 
     </span>
    </p>

    <p class='ocr_par' dir='ltr' id='par_1_10' title="bbox 138 1490 1377 1630">
     <span class='ocr_line' id='line_1_23' title="bbox 138 1490 1352 1533; baseline 0.001 -10"><span class='ocrx_word' id='word_1_140' title='bbox 138 1493 167 1524; x_wconf 85' lang='lat'>2.</span> <span class='ocrx_word' id='word_1_141' title='bbox 197 1490 299 1523; x_wconf 86' lang='lat' dir='ltr'>Isaias</span> <span class='ocrx_word' id='word_1_142' title='bbox 326 1499 407 1530; x_wconf 85' lang='lat' dir='ltr'>quae</span> <span class='ocrx_word' id='word_1_143' title='bbox 434 1490 561 1529; x_wconf 83' lang='lat' dir='ltr'>cecinit,</span> <span class='ocrx_word' id='word_1_144' title='bbox 837 1491 870 1523; x_wconf 88' lang='lat'>4.</span> <span class='ocrx_word' id='word_1_145' title='bbox 898 1490 1006 1522; x_wconf 84' lang='lat' dir='ltr'>Radix</span> <span class='ocrx_word' id='word_1_146' title='bbox 1033 1491 1121 1522; x_wconf 89' lang='lat' dir='ltr'>Iesse</span> <span class='ocrx_word' id='word_1_147' title='bbox 1144 1491 1207 1523; x_wconf 88' lang='lat' dir='ltr'>iam</span> <span class='ocrx_word' id='word_1_148' title='bbox 1232 1490 1352 1533; x_wconf 87' lang='lat' dir='ltr'>floruit,</span> 
     </span>
     <span class='ocr_line' id='line_1_24' title="bbox 195 1538 1309 1578; baseline 0 -7"><span class='ocrx_word' id='word_1_149' title='bbox 195 1539 344 1572; x_wconf 86' lang='lat' dir='ltr'>Christus</span> <span class='ocrx_word' id='word_1_150' title='bbox 372 1539 496 1578; x_wconf 78' lang='lat' dir='ltr'>implet,</span> <span class='ocrx_word' id='word_1_151' title='bbox 526 1543 560 1570; x_wconf 89' lang='lat' dir='ltr'>ut</span> <span class='ocrx_word' id='word_1_152' title='bbox 587 1538 731 1570; x_wconf 87' lang='lat' dir='ltr'>meminit</span> <span class='ocrx_word' id='word_1_153' title='bbox 895 1540 932 1572; x_wconf 89' lang='lat' dir='ltr'>In</span> <span class='ocrx_word' id='word_1_154' title='bbox 959 1539 1067 1571; x_wconf 87' lang='lat' dir='ltr'>Maria</span> <span class='ocrx_word' id='word_1_155' title='bbox 1094 1549 1165 1571; x_wconf 90' lang='lat' dir='ltr'>cum</span> <span class='ocrx_word' id='word_1_156' title='bbox 1193 1540 1309 1572; x_wconf 88' lang='lat' dir='ltr'>claruit</span> 
     </span>
     <span class='ocr_line' id='line_1_25' title="bbox 195 1587 1377 1630; baseline 0.003 -12"><span class='ocrx_word' id='word_1_157' title='bbox 195 1587 306 1630; x_wconf 84' lang='lat' dir='ltr'>Fides,</span> <span class='ocrx_word' id='word_1_158' title='bbox 334 1587 494 1628; x_wconf 87' lang='lat' dir='ltr'>propheta</span> <span class='ocrx_word' id='word_1_159' title='bbox 522 1587 690 1626; x_wconf 80' lang='lat' dir='ltr'>praecinit.</span> <span class='ocrx_word' id='word_1_160' title='bbox 895 1588 1035 1620; x_wconf 87' lang='lat' dir='ltr'>Fructus</span> <span class='ocrx_word' id='word_1_161' title='bbox 1062 1588 1148 1620; x_wconf 88' lang='lat' dir='ltr'>vitae</span> <span class='ocrx_word' id='word_1_162' title='bbox 1176 1597 1235 1621; x_wconf 90' lang='lat' dir='ltr'>nec</span> <span class='ocrx_word' id='word_1_163' title='bbox 1262 1588 1377 1624; x_wconf 88' lang='lat' dir='ltr'>defuit.</span> 
     </span>
    </p>
   </div>
   <div class='ocr_carea' id='block_1_8' title="bbox 495 1684 1117 1775">
    <p class='ocr_par' dir='ltr' id='par_1_11' title="bbox 495 1684 1117 1775">
     <span class='ocr_line' id='line_1_26' title="bbox 495 1684 1031 1726; baseline 0.002 -9"><span class='ocrx_word' id='word_1_164' title='bbox 495 1684 558 1717; x_wconf 68' lang='grc' dir='ltr'>ΒΟ.</span> <span class='ocrx_word' id='word_1_165' title='bbox 586 1685 801 1725; x_wconf 82' lang='lat' dir='ltr'>Hymnizetur</span> <span class='ocrx_word' id='word_1_166' title='bbox 827 1686 894 1725; x_wconf 81' lang='lat' dir='ltr'>regi</span> <span class='ocrx_word' id='word_1_167' title='bbox 920 1686 1031 1726; x_wconf 90' lang='lat' dir='ltr'>melos,</span> 
     </span>
     <span class='ocr_line' id='line_1_27' title="bbox 631 1733 1117 1775; baseline 0.004 -10"><span class='ocrx_word' id='word_1_168' title='bbox 631 1733 692 1773; x_wconf 78' lang='lat' dir='ltr'>Qui</span> <span class='ocrx_word' id='word_1_169' title='bbox 718 1737 812 1766; x_wconf 88' lang='lat' dir='ltr'>natus</span> <span class='ocrx_word' id='word_1_170' title='bbox 839 1739 889 1766; x_wconf 87' lang='lat' dir='ltr'>est</span> <span class='ocrx_word' id='word_1_171' title='bbox 916 1735 956 1767; x_wconf 87' lang='lat' dir='ltr'>de</span> <span class='ocrx_word' id='word_1_172' title='bbox 983 1735 1117 1775; x_wconf 83' lang='lat' dir='ltr'>virgine.</span> 
     </span>
    </p>
   </div>
   <div class='ocr_carea' id='block_1_9' title="bbox 121 1817 1464 1891">
    <p class='ocr_par' dir='ltr' id='par_1_12' title="bbox 121 1817 1464 1891">
     <span class='ocr_line' id='line_1_28' title="bbox 180 1817 1464 1887; baseline 0.003 -40"><span class='ocrx_word' id='word_1_173' title='bbox 180 1821 286 1887; x_wconf 49' lang='lat' dir='ltr'>4Ca3nt.</span> <span class='ocrx_word' id='word_1_174' title='bbox 310 1829 364 1885; x_wconf 47' lang='lat' dir='ltr'>ulis.</span> <span class='ocrx_word' id='word_1_175' title='bbox 386 1821 531 1847; x_wconf 74' lang='lat' dir='ltr'>Venetum</span> <span class='ocrx_word' id='word_1_176' title='bbox 555 1829 631 1847; x_wconf 86' lang='lat' dir='ltr'>saec.</span> <span class='ocrx_word' id='word_1_177' title='bbox 656 1817 730 1847; x_wconf 76' lang='lat' dir='ltr'>¹5l16.</span> <span class='ocrx_word' id='word_1_178' title='bbox 754 1818 825 1848; x_wconf 90' lang='lat' dir='ltr'>Cod.</span> <span class='ocrx_word' id='word_1_179' title='bbox 847 1820 1011 1848; x_wconf 86' lang='lat' dir='ltr'>Bononien.</span> <span class='ocrx_word' id='word_1_180' title='bbox 1034 1819 1119 1849; x_wconf 81' lang='lat'>2216.</span> <span class='ocrx_word' id='word_1_181' title='bbox 1142 1837 1179 1841; x_wconf 94' lang='lat'><strong>—</strong></span> <span class='ocrx_word' id='word_1_182' title='bbox 1204 1821 1234 1855; x_wconf 86' lang='lat' dir='ltr'>l,</span> <span class='ocrx_word' id='word_1_183' title='bbox 1261 1821 1279 1851; x_wconf 91' lang='lat'>3</span> <span class='ocrx_word' id='word_1_184' title='bbox 1302 1823 1464 1852; x_wconf 84' lang='lat' dir='ltr'>resolvens.</span> 
     </span>
     <span class='ocr_line' id='line_1_29' title="bbox 121 1860 430 1891; baseline 0.003 -6"><span class='ocrx_word' id='word_1_185' title='bbox 121 1874 158 1879; x_wconf 93' lang='lat'><strong>—</strong></span> <span class='ocrx_word' id='word_1_186' title='bbox 201 1880 206 1891; x_wconf 82' lang='lat'>,</span> <span class='ocrx_word' id='word_1_187' title='bbox 270 1868 306 1886; x_wconf 81' lang='lat' dir='ltr'>ne</span> <span class='ocrx_word' id='word_1_188' title='bbox 349 1860 430 1886; x_wconf 83' lang='lat' dir='ltr'>efuit.</span> 
     </span>
    </p>
   </div>
   <div class='ocr_carea' id='block_1_10' title="bbox 551 1993 1028 2026">
    <p class='ocr_par' dir='ltr' id='par_1_13' title="bbox 551 1993 1028 2026">
     <span class='ocr_line' id='line_1_30' title="bbox 551 1993 1028 2026; baseline 0 -1"><span class='ocrx_word' id='word_1_189' title='bbox 551 1994 598 2025; x_wconf 81' lang='lat'>22.</span> <span class='ocrx_word' id='word_1_190' title='bbox 640 1993 673 2024; x_wconf 86' lang='lat' dir='ltr'>ln</span> <span class='ocrx_word' id='word_1_191' title='bbox 696 1993 874 2025; x_wconf 80' lang='lat' dir='ltr'>Nativitate</span> <span class='ocrx_word' id='word_1_192' title='bbox 897 1994 1028 2026; x_wconf 86' lang='lat' dir='ltr'>Domini.</span> 
     </span>
    </p>
   </div>
   <div class='ocr_carea' id='block_1_11' title="bbox 119 2089 1424 2474">
    <p class='ocr_par' dir='ltr' id='par_1_14' title="bbox 119 2089 1424 2474">
     <span class='ocr_line' id='line_1_31' title="bbox 134 2089 1414 2134; baseline 0.004 -12"><span class='ocrx_word' id='word_1_193' title='bbox 134 2091 164 2123; x_wconf 89' lang='lat'>1.</span> <span class='ocrx_word' id='word_1_194' title='bbox 194 2090 317 2121; x_wconf 90' lang='lat' dir='ltr'>Hamus</span> <span class='ocrx_word' id='word_1_195' title='bbox 344 2089 475 2129; x_wconf 86' lang='lat' dir='ltr'>prendit</span> <span class='ocrx_word' id='word_1_196' title='bbox 502 2089 636 2131; x_wconf 86' lang='lat' dir='ltr'>virginis</span> <span class='ocrx_word' id='word_1_197' title='bbox 836 2092 867 2123; x_wconf 90' lang='lat'>2.</span> <span class='ocrx_word' id='word_1_198' title='bbox 897 2090 1063 2131; x_wconf 90' lang='lat' dir='ltr'>Numquid</span> <span class='ocrx_word' id='word_1_199' title='bbox 1091 2092 1225 2133; x_wconf 87' lang='lat' dir='ltr'>dormis,</span> <span class='ocrx_word' id='word_1_200' title='bbox 1250 2093 1414 2134; x_wconf 66' lang='lat' dir='ltr'>physica?</span> 
     </span>
     <span class='ocr_line' id='line_1_32' title="bbox 192 2136 1370 2183; baseline 0.005 -14"><span class='ocrx_word' id='word_1_201' title='bbox 192 2138 299 2170; x_wconf 82' lang='lat' dir='ltr'>Verbo</span> <span class='ocrx_word' id='word_1_202' title='bbox 325 2136 528 2170; x_wconf 75' lang='lat' dir='ltr'>fortitudinis</span> <span class='ocrx_word' id='word_1_203' title='bbox 894 2140 968 2180; x_wconf 86' lang='lat' dir='ltr'>Dic,</span> <span class='ocrx_word' id='word_1_204' title='bbox 995 2141 1081 2181; x_wconf 87' lang='lat' dir='ltr'>quod</span> <span class='ocrx_word' id='word_1_205' title='bbox 1107 2141 1227 2182; x_wconf 84' lang='lat' dir='ltr'>probat</span> <span class='ocrx_word' id='word_1_206' title='bbox 1252 2142 1370 2183; x_wconf 78' lang='lat' dir='ltr'>logica,</span> 
     </span>
     <span class='ocr_line' id='line_1_33' title="bbox 241 2186 1398 2229; baseline 0.003 -10"><span class='ocrx_word' id='word_1_207' title='bbox 241 2186 404 2219; x_wconf 86' lang='lat' dir='ltr'>Christum</span> <span class='ocrx_word' id='word_1_208' title='bbox 416 2188 532 2224; x_wconf 79' lang='lat' dir='ltr'>lesum,</span> <span class='ocrx_word' id='word_1_209' title='bbox 548 2197 604 2220; x_wconf 87' lang='lat' dir='ltr'>ens</span> <span class='ocrx_word' id='word_1_210' title='bbox 619 2188 758 2227; x_wconf 79' lang='lat' dir='ltr'>entium3</span> <span class='ocrx_word' id='word_1_211' title='bbox 943 2187 1015 2229; x_wconf 90' lang='lat' dir='ltr'>Dic,</span> <span class='ocrx_word' id='word_1_212' title='bbox 1042 2190 1112 2229; x_wconf 89' lang='lat' dir='ltr'>quis</span> <span class='ocrx_word' id='word_1_213' title='bbox 1139 2190 1265 2223; x_wconf 87' lang='lat' dir='ltr'>audivit</span> <span class='ocrx_word' id='word_1_214' title='bbox 1291 2191 1398 2225; x_wconf 81' lang='lat' dir='ltr'>talia?</span> 
     </span>
     <span class='ocr_line' id='line_1_34' title="bbox 198 2236 1387 2280; baseline 0.004 -12"><span class='ocrx_word' id='word_1_215' title='bbox 198 2236 296 2276; x_wconf 77' lang='lat' dir='ltr'>Ecce,</span> <span class='ocrx_word' id='word_1_216' title='bbox 322 2236 402 2268; x_wconf 88' lang='lat' dir='ltr'>nitet</span> <span class='ocrx_word' id='word_1_217' title='bbox 428 2236 459 2268; x_wconf 91' lang='lat' dir='ltr'>in</span> <span class='ocrx_word' id='word_1_218' title='bbox 486 2246 585 2276; x_wconf 84' lang='lat' dir='ltr'>prora</span> <span class='ocrx_word' id='word_1_219' title='bbox 897 2237 1021 2277; x_wconf 85' lang='lat' dir='ltr'>Regnat</span> <span class='ocrx_word' id='word_1_220' title='bbox 1049 2239 1136 2278; x_wconf 88' lang='lat' dir='ltr'>quod</span> <span class='ocrx_word' id='word_1_221' title='bbox 1162 2240 1387 2280; x_wconf 82' lang='lat' dir='ltr'>praedicatum</span> 
     </span>
     <span class='ocr_line' id='line_1_35' title="bbox 195 2284 1424 2333; baseline 0.006 -16"><span class='ocrx_word' id='word_1_222' title='bbox 195 2285 240 2318; x_wconf 93' lang='lat' dir='ltr'>Ut</span> <span class='ocrx_word' id='word_1_223' title='bbox 266 2284 403 2317; x_wconf 84' lang='lat' dir='ltr'>rutilans</span> <span class='ocrx_word' id='word_1_224' title='bbox 429 2295 547 2317; x_wconf 83' lang='lat' dir='ltr'>aurora</span> <span class='ocrx_word' id='word_1_225' title='bbox 898 2284 962 2318; x_wconf 88' lang='lat' dir='ltr'>Per</span> <span class='ocrx_word' id='word_1_226' title='bbox 989 2287 1170 2326; x_wconf 74' lang='lat' dir='ltr'>subJectum</span> <span class='ocrx_word' id='word_1_227' title='bbox 1197 2294 1424 2333; x_wconf 85' lang='lat' dir='ltr'>monstratum,</span> 
     </span>
     <span class='ocr_line' id='line_1_36' title="bbox 243 2334 1400 2375; baseline 0.007 -8"><span class='ocrx_word' id='word_1_228' title='bbox 243 2334 313 2367; x_wconf 86' lang='lat' dir='ltr'>Rex</span> <span class='ocrx_word' id='word_1_229' title='bbox 340 2334 372 2365; x_wconf 94' lang='lat' dir='ltr'>in</span> <span class='ocrx_word' id='word_1_230' title='bbox 400 2334 535 2367; x_wconf 82' lang='lat' dir='ltr'>salutem</span> <span class='ocrx_word' id='word_1_231' title='bbox 564 2335 717 2375; x_wconf 86' lang='lat' dir='ltr'>gentium.</span> <span class='ocrx_word' id='word_1_232' title='bbox 943 2334 1012 2368; x_wconf 88' lang='lat' dir='ltr'>Ens</span> <span class='ocrx_word' id='word_1_233' title='bbox 1038 2345 1158 2369; x_wconf 86' lang='lat' dir='ltr'>necans</span> <span class='ocrx_word' id='word_1_234' title='bbox 1185 2338 1400 2375; x_wconf 83' lang='lat' dir='ltr'>barathralia.</span> 
     </span>
     <span class='ocr_line' id='line_1_37' title="bbox 119 2381 1263 2428; baseline 0.003 -12"><span class='ocrx_word' id='word_1_235' title='bbox 119 2382 173 2416; x_wconf 70' lang='grc' dir='ltr'>ΒΟ</span> <span class='ocrx_word' id='word_1_236' title='bbox 192 2384 288 2416; x_wconf 86' lang='lat' dir='ltr'>Iesus</span> <span class='ocrx_word' id='word_1_237' title='bbox 314 2383 370 2416; x_wconf 89' lang='lat' dir='ltr'>ille</span> <span class='ocrx_word' id='word_1_238' title='bbox 397 2385 562 2425; x_wconf 76' lang='lat' dir='ltr'>parvulus,</span> <span class='ocrx_word' id='word_1_239' title='bbox 821 2381 878 2418; x_wconf 90' lang='lat' dir='ltr'>R⁰</span> <span class='ocrx_word' id='word_1_240' title='bbox 897 2384 986 2417; x_wconf 87' lang='lat' dir='ltr'>Iesus</span> <span class='ocrx_word' id='word_1_241' title='bbox 1012 2385 1068 2417; x_wconf 88' lang='lat' dir='ltr'>ille</span> <span class='ocrx_word' id='word_1_242' title='bbox 1095 2388 1263 2428; x_wconf 78' lang='lat' dir='ltr'>parvuluS,</span> 
     </span>
     <span class='ocr_line' id='line_1_38' title="bbox 195 2432 1306 2474; baseline 0.005 -10"><span class='ocrx_word' id='word_1_243' title='bbox 195 2433 295 2473; x_wconf 87' lang='lat' dir='ltr'>Quem</span> <span class='ocrx_word' id='word_1_244' title='bbox 322 2432 448 2466; x_wconf 86' lang='lat' dir='ltr'>Mariae</span> <span class='ocrx_word' id='word_1_245' title='bbox 475 2433 602 2465; x_wconf 86' lang='lat' dir='ltr'>alvulus</span> <span class='ocrx_word' id='word_1_246' title='bbox 895 2434 993 2474; x_wconf 85' lang='lat' dir='ltr'>Quem</span> <span class='ocrx_word' id='word_1_247' title='bbox 1023 2434 1151 2468; x_wconf 82' lang='lat' dir='ltr'>Mariae</span> <span class='ocrx_word' id='word_1_248' title='bbox 1178 2438 1306 2470; x_wconf 83' lang='lat' dir='ltr'>alvulus</span> 
     </span>
    </p>
   </div>
   <div class='ocr_carea' id='block_1_12' title="bbox 244 2481 1459 2528">
    <p class='ocr_par' dir='ltr' id='par_1_15' title="bbox 244 2481 1459 2528">
     <span class='ocr_line' id='line_1_39' title="bbox 244 2481 1459 2528; baseline 0.006 -13"><span class='ocrx_word' id='word_1_249' title='bbox 244 2481 353 2515; x_wconf 86' lang='lat' dir='ltr'>Gessit</span> <span class='ocrx_word' id='word_1_250' title='bbox 365 2491 470 2515; x_wconf 87' lang='lat' dir='ltr'>rerum</span> <span class='ocrx_word' id='word_1_251' title='bbox 481 2487 613 2523; x_wconf 82' lang='lat' dir='ltr'>practer</span> <span class='ocrx_word' id='word_1_252' title='bbox 622 2491 758 2517; x_wconf 87' lang='lat' dir='ltr'>morem.</span> <span class='ocrx_word' id='word_1_253' title='bbox 942 2482 1053 2516; x_wconf 83' lang='lat' dir='ltr'>Gessit</span> <span class='ocrx_word' id='word_1_254' title='bbox 1063 2494 1171 2517; x_wconf 84' lang='lat' dir='ltr'>rerum</span> <span class='ocrx_word' id='word_1_255' title='bbox 1181 2491 1314 2528; x_wconf 84' lang='lat' dir='ltr'>praeter</span> <span class='ocrx_word' id='word_1_256' title='bbox 1323 2497 1459 2525; x_wconf 85' lang='lat' dir='ltr'>morem.</span> 
     </span>
    </p>
   </div>
  </div>
 </body>
</html>
