1650 2727
693 136 933 172 „50-

175 236 211 269 2.
242 233 358 267 Dictus
384 236 585 276 Areopagita

239 283 305 315 Hic
327 284 466 316 Athenis
492 283 620 317 infinita

241 332 386 365 seientia
411 333 640 374 praepollebat

239 382 347 422 Atque
374 382 515 414 studium
543 381 687 423 regebat,

203 486 209 493 .
244 460 326 492 Dum
355 469 449 492 cruce
468 460 618 493 Christus
638 459 785 502 moritur,

238 509 302 541 Hic
331 509 470 541 Athenis
497 509 577 542 fert:
610 510 757 550 „Patitur

291 559 379 590 Deus
407 563 554 594 naturae,
584 557 633 588 vel
659 561 761 589 totum

243 607 374 638 Caelum
401 606 498 638 modo
526 606 700 638 diruitur.⁴·'

242 655 396 687 miranda
425 663 486 687 res.
513 658 547 686 ut
575 654 705 694 legitur,

291 703 394 736 Deum
425 703 523 734 coluit
548 703 705 742 ignotum.

210 807 216 814 .
248 781 367 813 Paulus
394 781 541 813 Athenas
569 781 700 813 veniens

295 829 392 862 Hunc
419 830 579 862 convertit
606 830 647 862 ad
666 838 788 870 pascua

246 878 343 918 l‘eri3
372 883 533 918 tamquam
561 878 736 910 oboediens

296 928 433 960 Secutus
458 933 505 958 est
532 927 619 959 iussa
644 936 713 959 sua.

183 1008 216 1037 ἴ.
246 1005 397 1038 Clemens
424 1014 510 1048 papa
539 1004 713 1036 destinavit

296 1054 448 1085 Sanctum
463 1062 574 1084 versus
591 1054 811 1086 Occidentem.

249 1102 314 1135 L‘bi
342 1106 440 1133 totam
468 1102 641 1134 adornavit

298 1150 500 1183 Gallicanam
529 1149 593 1182 fide
620 1155 757 1190 gentem.

345 1237 389 1263 Ad
410 1237 594 1271 Magnifieat.

213 1323 218 1329 .
251 1296 411 1328 Gloriosis
437 1296 634 1335 martyribus

299 1344 482 1385 Almisquc.r
510 1344 668 1386 Dionysio

249 1395 298 1425 Ac
326 1394 434 1432 sociis,
462 1393 639 1425 nitentibus

300 1442 337 1473 In
365 1442 497 1473 caelesti
524 1442 647 1481 palatio

255 1490 350 1522 Plebs
378 1491 517 1522 laetetur
543 1490 753 1523 Gallicorum.

257 1539 388 1570 Nomini
416 1540 529 1571 laudes
556 1548 677 1575 eorum,

303 1588 430 1619 Lumini
460 1588 569 1619 demus
598 1588 763 1620 luminum.

253 1636 369 1668 Omnia
395 1637 479 1676 quod
511 1636 662 1676 vivificat,

253 1685 481 1717 t‘oncinendo:
510 1685 698 1725 Magnificat

304 1733 423 1766 Anima
449 1743 520 1765 mea
548 1733 732 1766 Dominum.

291 1859 353 1892 Ad
389 1860 663 1893 Matutinum.

365 1927 585 1955 Invitatorium.

258 2006 389 2038 Invitati
416 2015 639 2046 properemus,

257 2056 386 2086 Summo
402 2055 530 2087 Christo
549 2055 661 2087 laudes
678 2055 798 2096 demus,

257 2104 319 2142 Qui
344 2103 384 2135 de
411 2103 554 2135 tenebris
580 2105 721 2144 gentium

258 2152 394 2185 l'ocavit
421 2151 625 2192 Dionysium.

286 2279 329 2312 Iu
368 2280 398 2312 1.
437 2278 672 2312 Nocturno.

383 2346 583 2383 Antiphonae.

199 2429 229 2461 1.
258 2427 379 2460 Beatus
406 2427 466 2468 vir,

310 2485 403 2518 quem
431 2475 521 2509 Deus
548 2475 683 2508 minavit

900 2133 919 2164 ¹0

942 236 1022 267 Cum
1048 233 1146 266 sociis
1342 269 1345 273 ¹

990 291 1138 316 securum
1165 291 1226 323 per
1252 289 1354 321 mare,

942 332 987 366 Ut
1013 331 1161 371 Gallicis,

991 381 1075 412 sicut
1101 384 1175 421 post
1201 378 1356 421 patravit,

943 429 1086 462 Verbum
1113 428 1175 460 Dei

991 482 1101 518 posset
1127 476 1332 518 praedicare.

908 581 916 588 .
944 555 1160 588 cernentibus

992 605 1072 644 ipsis
1099 603 1245 644 pericula

946 653 1142 693 Populorum

992 702 1024 733 in
1049 701 1204 733 idolatria

944 750 1067 782 Dicunt
1090 749 1203 781 simul:

997 798 1137 841 „Divina
1162 797 1268 837 gratia

944 846 1176 887 Dirumpamus

994 903 1102 926 eorum
1131 892 1291 926 vincula.“

914 998 920 1004 .
949 972 1041 1004 Tunc
1067 973 1205 1013 ingressi

997 1029 1057 1061 pei·
1082 1021 1195 1053 mundi
1222 1020 1355 1052 climata

952 1070 1152 1110 Paganorum

997 1118 1114 1150 sedant
1140 1116 1316 1151 feritatem,

950 1168 1134 1208 Argucntes

1001 1217 1056 1247 lios
1082 1224 1142 1255 per
1168 1215 1385 1247 charismata:

954 1264 1120 1305 „Diligitis

999 1321 1099 1353 quare
1127 1310 1348 1344 vanitatem?

1066 1438 1278 1472 Respousoria.

918 1543 923 1549 ,
952 1517 1145 1549 Gratuletur
1171 1516 1309 1548 ecclesia

954 1566 1086 1598 Christo
1113 1573 1232 1597 canens
1258 1567 1434 1605 praeconia

952 1616 1033 1647 Cum
1061 1614 1240 1645 dulcisonis
1267 1614 1418 1646 cantibus

953 1663 1019 1695 Sub
1047 1662 1168 1694 inclitis
1195 1662 1396 1704 martyribus

957 1711 1130 1751 Sacrisque
1158 1711 1327 1751 Dionysio,

955 1760 1100 1798 Rustico,
1128 1759 1332 1797 Eleutherio.

954 1810 1015 1849 Qui
1041 1809 1187 1841 lauream
1212 1817 1360 1841 meruere

956 1858 1149 1890 Perenniter
1174 1858 1354 1898 possidere.

923 1931 930 1940 .
958 1907 1119 1946 Intrepidi
1148 1906 1387 1946 praedicabant

1005 1955 1084 1987 Alte
1110 1964 1170 1995 per
1196 1959 1297 1987 totam
1325 1954 1467 1989 Galliam

958 2003 1197 2043 Tormentaque
1224 2004 1465 2046 supportabant

1009 2053 1148 2092 Propter
1171 2058 1339 2086 aeternam
1358 2054 1507 2094 gloriam.

927 2159 932 2165 ,
960 2131 1045 2162 Dum
1072 2130 1204 2163 Lisbius
1231 2130 1388 2164 refutavit

960 2179 1042 2221 Agri
1069 2181 1119 2212 sui
1145 2180 1326 2223 pecuniam,

960 2229 999 2262 ln
1026 2237 1089 2268 quo
1117 2233 1248 2261 sauctus
1267 2233 1340 2269 post
1360 2228 1509 2263 fundavit

961 2277 1120 2310 Devotius
1147 2278 1328 2318 ecclesiam,

962 2327 1040 2367 lpse
1066 2326 1215 2360 dicebat:
1244 2327 1270 2359 Ο
1297 2335 1384 2368 care,

963 2374 1095 2408 Desiste
1121 2385 1207 2408 nunc
1233 2375 1275 2408 ab
1302 2377 1445 2418 incepto,

963 2424 1039 2457 Non
1064 2424 1145 2457 licet
1169 2423 1346 2458 aedificare

964 2473 1136 2514 Templum
1166 2475 1199 2507 in
1231 2475 1335 2515 gratis
1361 2479 1510 2516 accepto.
