1650 2727
151 457 183 490 1.

153 664 186 695 ’2.

146 1515 184 1548 V.

671 136 966 198 —75-'

243 261 288 293 In
325 261 357 293 3.
385 259 627 292 Nocturno.

333 350 536 385 Antiphonae.

212 456 297 489 Dum
325 455 430 496 imago
458 453 658 491 devastatur.

215 504 326 536 Virtus
355 503 475 536 Christi
502 502 746 535 demonstratur

260 553 360 586 Flatu
387 556 519 585 sanctae
547 551 694 592 virginis

215 661 355 702 Stupent
387 669 499 692 omnes
529 663 560 691 et
588 660 758 699 mirantur,

211 710 342 742 Laudes
377 709 507 742 Christo
544 709 760 741 decantantur

264 760 426 792 Immenso
452 757 614 807 prodigio.

218 867 299 908 Cum
326 865 474 899 Firmina
500 865 703 905 verberatur,

212 918 315 950 Amor
341 915 464 948 Christi
491 914 722 957 inflammatur,

266 966 336 998 Nec
362 968 506 997 terretur
533 964 680 997 verbere.

332 1086 544 1122 Responsoria.

183 1196 190 1204 .
221 1170 363 1203 Verbum
392 1170 514 1203 Christi

266 1220 341 1252 dum
369 1220 476 1259 palam
502 1219 673 1261 promitur,

215 1268 396 1302 Multitudo

265 1327 382 1359 magna
408 1316 620 1350 convertitur.

216 1367 320 1399 Iudex
348 1365 438 1404 furit,

263 1416 351 1447 mina
378 1415 596 1447 contemnitur

261 1464 332 1496 Nec
357 1464 502 1497 timetur.

213 1513 277 1546 Vix
302 1513 425 1554 flagelli

259 1571 370 1596 amore
395 1563 548 1601 vincitur⁷

212 1611 297 1644 Dum
325 1612 358 1644 in
385 1610 517 1644 Christo

260 1660 409 1693 Firmina
435 1660 556 1701 figitur.

175 1793 183 1801 .
212 1768 300 1801 Deos
327 1768 518 1808 exprobrat.

257 1820 366 1850 statua
387 1816 562 1859 frangitur,

208 1867 294 1900 Dum
321 1865 490 1900 Firminae

258 1915 338 1949 flatu
365 1915 575 1957 contingitur,

209 1965 350 2007 Stupeut
376 1975 499 2007 omnes,

258 2014 342 2048 fides
369 2015 557 2057 extollitur;

261 2065 317 2098 Sic
343 2072 436 2096 error
463 2064 616 2098 vincitur.

173 2141 181 2148 .
209 2113 332 2155 Firma,
362 2111 489 2159 [virgo]‚

260 2162 356 2196 fortis
381 2163 414 2195 in
441 2164 590 2205 agmine!

213 2212 321 2246 Verba
346 2211 475 2253 profert

260 2262 392 2295 virtutis
418 2261 549 2297 nimiae.

175 2396 184 2405 .
211 2369 249 2414 Ο,
277 2379 373 2412 quam
400 2380 519 2412 magna

260 2420 365 2454 virtus
393 2420 592 2463 ostenditur,

211 2469 298 2504 Dum
324 2469 476 2503 Firmina

260 2520 352 2553 crine
377 2519 604 2561 suspenditur,

918 259 990 292 Stat
1016 259 1149 298 invicta,

907 314 913 320 ⁸
966 307 1014 339 sic
1040 312 1150 340 tamen
1177 308 1325 340 moritur.

1016 356 1172 388 Alleluia.

882 428 889 436 .
918 404 1017 445 Virgo
1045 408 1168 443 sancta,

967 454 1158 485 commenda
1186 453 1337 493 Domino,

918 502 979 541 Qui
1006 506 1037 534 te
1064 502 1199 534 laudant

969 551 1087 583 devoto
1115 551 1253 584 cantico.

1003 729 1066 760 Ad
1104 727 1284 760 Laudes,

1040 825 1242 861 Antiphonae.

882 962 890 970 .
918 934 1024 968 Adest
1051 935 1121 967 dies
1146 934 1302 969 laetitiae..

968 985 1038 1024 Qua
1066 993 1141 1016 rosa
1168 984 1308 1015 delicata

920 1032 1062 1066 Offertur
1087 1032 1154 1073 regi
1182 1031 1304 1073 gloriae

969 1081 1104 1113 Deliciis
1131 1086 1258 1113 ornata.

884 1226 891 1233 .
920 1199 1010 1232 Haec
1037 1208 1155 1232 corona
1184 1199 1305 1239 duplici

968 1249 1006 1280 In
1035 1248 1134 1280 caelis
1162 1252 1337 1279 coronatur

919 1297 963 1330 Et
991 1298 1112 1329 virtute
1138 1297 1309 1337 multiplici

969 1347 1006 1378 In
1035 1347 1132 1378 terris
1160 1346 1404 1386 comprobatur.

885 1491 893 1498 .
922 1464 1052 1497 Nobilis
1080 1474 1114 1496 es
1141 1472 1269 1505 genere,

970 1513 1128 1555 Firmina,
1158 1514 1248 1554 virgo
1277 1514 1409 1550 Christi„

922 1562 995 1595 Non
1024 1563 1191 1605 superaris
1219 1562 1355 1594 verbere

975 1613 1145 1645 Inimicum
1176 1612 1293 1644 vicisti.

886 1757 894 1764 .
923 1730 1061 1764 Carnem
1090 1729 1219 1763 adflixit
1246 1731 1365 1771 iugiter

972 1779 1105 1812 Ieiuniis
1134 1779 1292 1821 vacando,

923 1828 1040 1860 Fidem
1069 1827 1217 1861 defendit
1246 1827 1377 1860 fortiter

975 1878 1038 1910 Pro
1066 1878 1198 1911 Christo
1226 1878 1406 1912 moriendo,

888 2022 894 2028 .
923 1996 1093 2030 Castitatis
1120 1996 1225 2028 lilium

973 2045 1195 2086 Suspenditur
1222 2056 1282 2087 per
1309 2047 1429 2083 crines,

923 2095 1094 2128 Gloriatur
1121 2096 1253 2128 nimium

971 2145 1125 2177 Tendens
1152 2145 1184 2176 in
1213 2144 1379 2179 sublimes

1013 2281 1059 2309 Ad
1084 2282 1273 2309 Benedictus.

887 2397 894 2405 .
919 2371 1004 2408 Ave,
1032 2372 1126 2415 virgo
1154 2372 1313 2412 speciosa„

923 2419 1080 2453 Gemmae
1106 2420 1212 2462 iubar,
1241 2419 1360 2452 florens
1389 2429 1471 2452 rosa.

925 2469 1031 2502 Stella
1056 2470 1237 2511 splendens
1265 2470 1423 2509 virtuosa,

974 2518 1043 2551 Nos
1071 2528 1231 2552 conserva
1257 2518 1386 2558 iugiter.
