1650 2727
703 158 971 196 —139—

258 257 328 292 Nec
346 258 517 291 dumtaxat
537 258 593 291 nix
613 258 665 290 vel
679 257 806 300 grando

307 307 377 340 eius
404 306 512 348 rigant
538 307 649 347 pallia.

220 420 227 428 .
253 393 384 435 Lupino
409 393 522 426 fissum
550 402 682 426 vomere

303 442 455 484 Agellum
483 443 568 475 sevit
593 442 742 484 pulvere,

255 491 400 525 Mirante
427 490 600 533 superficie

304 541 454 574 Albescit
478 549 614 582 caespes
638 544 761 581 segete.

221 665 229 673 .
257 639 390 673 Crimen
417 647 508 670 suum
535 638 687 679 palliavit

305 688 430 729 Regina
456 696 516 728 per
542 686 708 729 annulum,

255 737 305 770 De
339 735 505 777 profundo
537 746 633 777 quem
660 735 805 777 portavit

306 785 487 819 Pisciculus
513 784 658 818 laticum.

373 903 586 939 Responsoria.

220 1020 227 1028 .
255 992 382 1032 Aporia
408 991 580 1032 ingruente

309 1041 359 1073 vir
386 1041 495 1081 largus
523 1039 669 1081 diriguit,

258 1089 347 1123 Miro
370 1089 468 1122 modo
494 1088 695 1121 recreandus

307 1148 419 1180 opera,
446 1147 509 1178 qua
536 1137 648 1178 viguit,

258 1188 340 1221 Cum
366 1187 571 1220 horrisonum
596 1186 689 1219 avari

308 1234 430 1269 flumen
454 1235 601 1268 lambens
629 1235 747 1268 horrea

258 1285 457 1319 Classicaret
482 1286 552 1317 sine
579 1291 649 1318 rate

308 1335 350 1367 ad
378 1335 446 1367 eius
473 1334 626 1374 mapalia.

221 1410 229 1418 .
257 1384 317 1424 Qui
346 1392 435 1416 mare
461 1383 561 1415 scidit
584 1382 693 1424 Moysi

307 1433 352 1465 Et
379 1431 554 1466 Iordanem
581 1433 687 1469 Iosue,

258 1484 431 1516 Annonam
459 1484 572 1514 sancto
598 1481 743 1522 praesuli

309 1530 447 1564 Cludum
476 1529 555 1563 fecit
581 1538 720 1562 vomere.

197 1639 230 1663 ·.
259 1629 402 1663 Cudenti
429 1629 463 1661 in
491 1627 657 1670 ferrugine

310 1678 426 1720 glauca
450 1677 544 1710 fabro
571 1677 722 1717 mittitur,

261 1728 354 1770 Quod
382 1735 442 1769 per
467 1728 595 1768 culpam
622 1727 768 1760 incuriae

311 1777 396 1810 vado
423 1776 474 1809 lac
500 1775 690 1817 effunditur,

263 1827 334 1860 Nec
361 1826 590 1858 commiscetur
616 1825 735 1867 gurgiti

311 1875 419 1916 liquor
446 1884 506 1908 nec
533 1874 698 1914 definitur,

262 1925 429 1958 Virtutum
455 1925 488 1957 iu
516 1924 667 1966 congerie

311 1975 358 2006 sic
385 1973 589 2016 Kentegerni
617 1973 758 2007 cuditur.

222 2049 231 2057 .
257 2025 389 2057 Vervex
416 2033 546 2065 gregem
574 2023 750 2057 comitatur

310 2076 491 2116 Amputato
519 2074 636 2117 capite,

263 2123 357 2164 Quod
375 2123 408 2155 in
428 2127 554 2164 petram
574 2127 813 2156 transmutatur

312 2172 358 2206 Ut
383 2182 467 2206 uxor
488 2173 574 2206 Loth
598 2172 771 2206 Sodomae.

226 2298 234 2306 .
262 2270 400 2305 lubente
428 2271 545 2305 Petrus
573 2271 714 2304 Domino

261 2321 393 2354 Inescat
419 2321 541 2362 piscem
571 2321 713 2362 hamulo,

260 2371 299 2404 In
325 2380 389 2412 quo
415 2375 549 2412 reperto
577 2374 700 2404 statere

264 2420 478 2462 Didragmam
506 2420 600 2453 iussit
629 2419 776 2462 solvere3

263 2469 318 2504 Sic
346 2469 551 2511 Kentegerni
576 2468 694 2502 merito

263 2519 410 2561 Reginae
435 2519 538 2560 piscis
565 2517 674 2552 baiulo

964 257 1015 291 De
1041 262 1156 298 stagno
1183 266 1297 289 aurum
1324 257 1446 295 attulit,

967 306 1037 345 Quo
1066 306 1153 338 velut
1179 307 1290 338 insons
1317 305 1444 337 claruit.

894 355 937 388 V.
965 354 1123 395 Reginam
1151 364 1209 386 rex
1236 354 1398 396 supplicio

965 403 1085 436 Mortis
1111 413 1172 443 pro
1199 402 1363 434 adulterio

965 451 1164 492 Torquebat,
1193 451 1250 484 sed
1279 450 1463 492 redemptio

963 501 1118 534 Miranda
1145 501 1182 532 fit
1208 500 1240 531 in
1268 500 1399 532 annulo.

1138 607 1242 634 Prusa.

903 687 932 720 1.
963 685 1052 719 Gens
1079 686 1255 718 Cambrina
1291 695 1363 718 cum
1396 683 1509 725 regina

1014 736 1165 768 Plaudite
1193 735 1351 776 tripudio,

963 784 1068 817 Vibex
1095 783 1200 826 fletus,
1231 785 1334 823 dolor,
1363 788 1468 816 metus

1012 834 1057 866 Et
1083 834 1197 866 mortis
1224 833 1374 865 condicio

904 923 937 957 2.
965 922 1033 955 Iam
1061 926 1209 955 cassatur
1235 927 1267 953 et
1294 926 1455 962 purgatur

1014 971 1116 1004 Vitali
1143 971 1299 1009 remedio,

964 1020 1115 1063 Lympha
1142 1021 1237 1058 celat,
1270 1020 1356 1060 quod
1385 1018 1513 1051 revelat

1012 1069 1149 1109 Ichthys
1176 1069 1273 1101 herae
1301 1069 1461 1101 clanculo.

904 1159 936 1190 3.
961 1158 1059 1190 Latet
1076 1166 1197 1198 regem,
1218 1166 1278 1197 per
1296 1166 1392 1198 quam
1409 1156 1513 1196 legem

1013 1206 1146 1239 Ditetur
1173 1216 1244 1238 cum
1272 1206 1404 1245 annulo,

962 1255 1083 1289 Ensem
1112 1259 1217 1288 tortor
1244 1255 1367 1293 condit,
1397 1255 1514 1288 horror

1013 1304 1157 1337 Sedatur
1183 1313 1262 1346 prae
1289 1305 1419 1346 gaudio.

905 1395 937 1427 4.
966 1393 1097 1427 Laudes
1125 1402 1201 1434 ergo
1232 1393 1440 1433 Kentegerno

1016 1442 1179 1475 Decantat
1204 1443 1287 1474 haec
1314 1442 1432 1480 contio,

966 1492 1089 1525 Metam
1117 1501 1196 1523 auro
1223 1491 1310 1531 quod
1338 1495 1469 1531 reperto

1015 1540 1131 1573 Traxit
1159 1541 1199 1572 de
1226 1540 1391 1581 ergastulo

1067 1590 1165 1622 Velut
1192 1591 1314 1623 insons.

1037 1739 1081 1771 In
1111 1738 1347 1771 Laudibus.

1094 1816 1294 1852 Antiphonae.

908 1907 941 1942 1.
968 1906 1042 1946 Eia,
1070 1906 1186 1939 laudes
1215 1906 1436 1945 decantemus,

1018 1956 1192 1989 iubilemus
1220 1956 1370 1996 Domino,

971 2005 1217 2047 Kentegernum
1246 2010 1439 2038 venerantes

1021 2056 1153 2088 laudum
1179 2066 1250 2088 cum
1276 2055 1464 2096 praet-onio.

913 2141 947 2174 2.
977 2139 1040 2172 Per
1067 2149 1219 2172 coronam
1246 2149 1376 2172 auream

1022 2189 1058 2221 In
1087 2190 1186 2230 peplo
1213 2189 1360 2229 angelico

971 2238 1016 2271 Et
1043 2239 1225 2271 columnam
1252 2238 1435 2270 flammeam

1025 2287 1130 2320 Notus
1158 2293 1207 2320 est
1234 2287 1266 2320 in
1295 2298 1406 2320 cuneo.

915 2372 948 2405 3.
977 2371 1135 2412 Sospitati
1163 2372 1322 2412 pristinae

1024 2420 1191 2453 Mortuum
1220 2421 1357 2453 mirifice

974 2469 1204 2512 Kentegeruus
1233 2470 1395 2503 hominem

1024 2519 1187 2552 Reddidit
1213 2523 1245 2552 et
1274 2520 1448 2553 volucrem.
