1650 2727
657 146 897 182 „72-

203 244 304 283 Quam
315 253 378 276 non
387 244 520 278 flectunt
531 245 588 278 sed
600 254 659 277 nec
669 248 804 286 terrent,

251 294 357 326 minae
383 295 433 326 vel
461 294 632 337 supplicia,

136 342 175 374 Y.
205 341 297 374 lubet
326 351 413 383 ergo,
440 343 591 383 capitalis

251 391 365 431 puniat
391 393 564 426 sententia.

142 461 173 492 3.
202 458 308 491 Ducta
336 459 435 492 Fides
461 460 501 492 acl
531 459 667 492 delubra

252 517 323 540 cum
351 509 454 541 tribus
481 508 660 549 iuvenibus,

203 557 283 595 Quia
310 557 422 590 nolunt
448 557 626 598 immolare,

253 605 413 638 feriuntur
439 606 582 647 ensibus,

134 653 170 686 V.
198 653 271 686 Uno
299 655 407 693 corde,
436 656 508 695 pari
532 665 609 688 voce

251 703 371 743 spretis
400 705 493 736 deum
521 704 672 736 cultibus.

144 773 175 803 4.
205 771 230 802 O
258 780 431 803 coruscans
458 771 490 803 in
518 781 657 812 superno

252 820 336 860 lapis
364 819 523 859 aedificio,

206 868 307 910 Virgo
333 874 468 909 martyr,
492 869 635 901 laureata

255 917 356 948 mixto
383 926 475 949 rosae
502 918 581 957 lilio,

204 965 273 996 Tua
300 965 392 996 nobis
419 966 506 1006 apud
535 966 697 998 Christum

252 1014 329 1045 assit
357 1014 557 1051 intercessio,

137 1061 174 1094 V.
204 1062 272 1100 Quo
300 1063 459 1093 conscribi
488 1072 668 1095 mereamur

253 1110 286 1141 in
312 1111 392 1142 caeli
420 1111 553 1151 palatio.

272 1208 315 1239 In
346 1207 579 1240 Laudibus.

330 1265 528 1301 Antiphonae.

145 1334 174 1365 1.
205 1333 287 1364 Dum
316 1335 347 1365 in
376 1341 463 1365 crate
491 1339 658 1374 pateretui·

254 1382 344 1422 virgo
370 1393 430 1422 pro
457 1383 590 1421 iustitia,

208 1430 314 1462 Certis
342 1431 440 1470 signis
467 1432 634 1471 agonistae

252 1479 366 1510 claruit
396 1481 542 1514 victoria.

145 1549 174 1579 ΞΟ

206 1547 287 1579 Nam
315 1547 463 1580 columba
491 1549 531 1579 de
558 1550 706 1588 supernis

253 1596 321 1628 visa
347 1600 395 1626 est
423 1597 621 1629 descendere

205 1645 428 1684 (oron-amque
455 1654 552 1685 super
579 1652 675 1687 caput

251 1693 413 1725 ustulatae
438 1703 569 1734 ponere.

144 1763 175 1794 3.
206 1761 292 1801 Ignis
319 1761 406 1793 visus
433 1766 480 1793 est
509 1763 663 1805 extingui,

252 1820 325 1842 rore
352 1809 451 1842 Fides
478 1810 566 1843 ablui

206 1858 409 1898 Redditaque
435 1860 568 1892 sanitati

253 1912 372 1939 vestem
401 1908 506 1940 albam
534 1909 636 1942 indui.

142 1978 174 2008 4.
206 1976 272 2007 Ista
298 1980 405 2007 mente
431 1977 667 2018 contemplatus

253 2028 383 2056 sanctus
412 2026 460 2057 vir
489 2026 664 2066 Caprasius

205 2072 431 2105 Coronandam
458 2075 609 2113 passione

252 2123 368 2154 Fidem
394 2122 483 2154 novit
511 2123 642 2157 certius.

144 2193 176 2223 5.
204 2189 283 2223 Mox
310 2194 341 2222 et
372 2192 442 2223 visu
470 2191 641 2225 roboratus

251 2240 284 2271 in
312 2243 402 2272 tanto
429 2242 604 2273 certamine

205 2287 282 2321 Post
308 2293 470 2322 tormenta
497 2289 678 2324 decollatur

252 2338 379 2378 pariter
405 2347 476 2371 cum
504 2339 640 2381 virgine,

997 245 1044 273 Ad
1066 245 1254 274 Benedictus.

831 315 873 348 A.
901 315 928 349 O
955 314 1055 348 Fides
1079 315 1148 348 Deo
1176 317 1304 358 devota,

954 372 973 396 o
998 364 1142 409 athletae
1165 365 1301 407 strenui5

904 411 1026 454 Quibus
1054 416 1102 445 est
1129 414 1285 446 collatum
1311 418 1415 446 morte

953 461 1019 493 vita
1045 461 1249 502 superindui,

904 510 1103 542 Mementote
1129 510 1303 543 subvenire

953 558 1070 591 devoto
1097 560 1281 600 conventui,

904 608 974 647 Quo
1002 607 1166 640 vobiscum
1191 617 1376 641 mereamur

951 665 1075 688 summo
1101 656 1186 689 bono
1211 656 1349 697 perfrui.

832 722 871 755 R.
899 724 924 755 Ο
952 722 1047 756 beata
1072 728 1102 754 et

954 772 1150 804 venerabilis
1178 772 1280 815 virgo,

1004 821 1105 853 Fides
1133 826 1258 861 vocata,

906 868 1116 908 Quaesumus,
1143 874 1198 902 tuo

954 917 1139 950 interventu
1166 918 1254 950 dilue

1003 971 1116 998 nostra
1143 971 1288 1006 peccata.

840 1014 877 1045 V.
907 1015 1033 1055 Sponsa
1060 1014 1122 1047 Dei
1149 1016 1289 1056 egregia,

954 1063 990 1094 In
1019 1063 1151 1095 caelesti
1178 1064 1300 1104 palatio

955 1110 1151 1144 Diademate
1179 1113 1306 1154 gemino

1004 1160 1177 1193 Laureata.

1082 1252 1183 1279 Prosa.

907 1312 933 1344 Ο
959 1311 1060 1343 Fides
1088 1312 1187 1352 virgo.
1216 1312 1249 1343 in
1277 1312 1366 1344 caelo

956 1360 1070 1392 Iuncta
1096 1369 1216 1401 sponso
1242 1361 1368 1401 inclito,

907 1408 1001 1439 Illius
1029 1409 1113 1441 dono
1138 1414 1271 1441 aeterno

956 1456 1171 1497 Congaudens
1198 1459 1229 1489 in
1258 1458 1401 1490 thalamo

909 1504 1052 1545 Collegio
1078 1507 1248 1546 praeclaro

905 1553 1105 1593 Angelorum
1131 1555 1229 1593 socio,

906 1603 1000 1634 Nunc
1026 1603 1100 1634 ideo
1127 1603 1244 1635 devoto

908 1651 1013 1683 Corde
1039 1659 1195 1691 praesens
1222 1653 1329 1685 contio

954 1701 1141 1732 Conclamat
1168 1701 1326 1734 Domino:

956 1748 1044 1780 dilue
1070 1751 1185 1781 nostra
1206 1754 1356 1791 peccata.

945 1867 991 1898 In
1020 1867 1052 1900 2.
1082 1867 1310 1906 Vesperis.

1003 1929 1046 1955 Ad
1069 1928 1252 1964 Magnificat.

834 1998 876 2032 A.
903 1999 929 2031 O
956 1999 1071 2039 beata,
1101 2007 1183 2038 quae
1206 1999 1270 2030 iam
1298 2008 1452 2040 sponsum

958 2047 1117 2086 virginum
1145 2047 1384 2088 complecteris.

910 2098 990 2134 Iam,
1018 2104 1208 2136 quocunque
1235 2097 1323 2129 vadit
1343 2106 1456 2138 agnus,

957 2154 1073 2185 agnum
1099 2145 1190 2186 virgo
1216 2146 1373 2186 sequeris

907 2194 975 2226 Fac
1002 2193 1137 2233 orand0,
1166 2203 1205 2226 ne
1231 2195 1403 2227 tradamur

954 2241 1084 2282 ignibus
1109 2243 1274 2283 tartareis,

908 2291 987 2325 Cum
1015 2289 1212 2324 frumentum
1231 2292 1335 2325 iustus
1354 2293 1452 2327 iudex

955 2339 1081 2372 dividet
1107 2350 1127 2372 a
1153 2341 1268 2381 paleis.

186 2417 269 2444 Pass.
292 2426 345 2444 ms.
361 2416 393 2443 S.
415 2416 498 2444 Fidis
513 2417 664 2446 Conchen.
687 2427 765 2447 saec.
789 2418 835 2448 11.
851 2428 895 2448 ex.
912 2418 982 2448 cod.
999 2418 1197 2447 Selestadien.
1214 2417 1252 2447 95
1265 2418 1374 2455 (1187).
1391 2422 1458 2450 add.

113 2464 190 2483 saec.
216 2453 259 2484 13.
282 2456 316 2484 A.
339 2470 377 2474 —
398 2457 487 2485 Brev.
509 2457 713 2487 Laseurrense
734 2459 806 2495 imp.
828 2459 986 2488 Lascunis
1009 2457 1084 2486 1545
1103 2458 1234 2496 (reimpr.
1259 2458 1352 2495 1891).
1370 2461 1405 2489 Β.
1425 2478 1451 2481 -

189 2496 231 2523 In
261 2495 287 2522 1.
313 2496 422 2532 Vesp.
445 2496 468 2526 Α
495 2505 583 2532 supi-i·
604 2497 655 2525 Ps.
676 2497 751 2527 fehlt
767 2499 802 2527 B.
822 2513 860 2519 -
875 2496 906 2527 R
919 2498 1085 2527 Nuntiatur
1098 2497 1237 2526 Daciam>
1258 2502 1315 2527 ete.
1329 2511 1368 2522 ==
1382 2499 1412 2529 R
1439 2500 1458 2530 2
