1650 2727
666 173 932 209 —142—

194 300 201 308 .
228 274 313 306 Vere
339 273 419 306 felix
445 273 499 304 hic
524 277 723 306 monstratur

277 323 358 355 caeli
385 320 486 354 fultus
511 323 625 365 gratia,

229 371 313 404 Nam
341 371 496 404 instinctu
521 371 692 403 Michaelis

279 421 375 453 datur
399 420 428 451 ei
454 419 532 458 filia,

229 470 316 510 Quae
343 470 507 502 Romanae
533 469 699 501 sanctitati

278 519 381 559 possit
407 527 477 549 esse
503 518 603 550 socia.

196 631 202 637 .
230 605 327 639 Plebs
346 614 471 646 pagana
487 604 567 636 haec
580 605 774 646 impugnans

281 659 311 685 et
338 654 517 686 Samnitum
544 654 671 685 moenia

232 702 403 735 Michaelis
432 701 603 734 fulminatu

280 751 437 783 sternitur
462 759 522 790 per
547 751 641 782 devia

233 800 273 832 Et
301 803 464 840 prostrata
491 799 675 831 trucidatur

283 849 391 880 divina
418 848 574 887 potentia,

350 955 561 989 Responsoria.

203 1053 208 1058 .
237 1024 381 1055 Tandem
394 1023 526 1054 Romam
540 1021 779 1055 consecrandus

286 1073 336 1104 vir
363 1071 476 1102 beatus
502 1071 582 1102 adiit

236 1121 277 1153 Et
306 1120 436 1152 Gelasio
463 1124 609 1151 sacratus

287 1169 365 1200 felix
389 1168 519 1208 praesul
547 1168 656 1209 rediit,

237 1218 301 1251 Sed
328 1227 346 1249 a
371 1216 441 1248 Deo
467 1215 660 1248 informatus

285 1265 457 1298 sanctitate
483 1264 636 1305 praefuit.

203 1343 209 1348 .
238 1315 301 1346 Hic
328 1315 477 1346 inunctus
505 1318 534 1344 et
561 1314 740 1345 instructus

287 1363 431 1395 Romano
457 1360 614 1401 pontifice

239 1411 345 1451 Digna
371 1410 442 1450 lege
468 1410 500 1441 in
529 1410 589 1441 hac
615 1411 693 1442 sede

287 1459 401 1492 Multis
428 1458 519 1490 annis
546 1458 699 1498 praefuit.

204 1572 212 1580 .
240 1547 334 1579 Hunc
361 1545 470 1577 beavit
497 1549 526 1576 et
554 1546 671 1576 artavit

288 1594 430 1626 Michael
458 1593 683 1634 archangelus,

238 1643 327 1676 Dans
356 1642 510 1679 favorem,
536 1647 570 1673 ut
597 1642 656 1673 sub
684 1651 721 1674 eo

287 1693 329 1723 sit
355 1692 531 1725 Montanus
557 1691 708 1732 populus,

241 1741 301 1780 Qui
328 1749 387 1781 pro
412 1739 474 1771 loci
501 1739 674 1771 sanctitate

290 1790 410 1821 dicitur
434 1788 621 1828 Angelicus.

187 1835 207 1871 '.
235 1839 298 1871 Hic
325 1838 455 1869 hortatu
481 1836 654 1868 Michaelis

288 1887 373 1926 cepit
398 1885 447 1916 ius
475 1885 641 1925 regiminis

241 1935 389 1968 Civitatis
416 1939 512 1974 atque
537 1934 615 1964 cleri

286 1989 316 2015 et
345 1982 492 2014 caelestis
519 1982 651 2022 lapidis.

205 2097 212 2104 .
241 2071 350 2103 Turba
377 2069 594 2109 Neapolitana

287 2119 373 2151 bello
401 2119 505 2150 citans
530 2117 696 2150 Samnium

237 2168 281 2200 Et
307 2167 435 2208 Siponti
461 2171 495 2198 ut
522 2175 649 2207 pagana

288 2225 446 2258 quaerens
473 2215 710 2257 exterminium,

241 2266 366 2306 Fulgur
391 2265 491 2296 sensit
518 2264 683 2296 malesana

286 2320 316 2346 et
344 2315 516 2346 humanum
544 2313 698 2354 gladium.

186 2361 209 2397 ”.
238 2363 320 2396 Nam
349 2364 462 2396 beatus
488 2362 619 2402 praesul
646 2364 757 2393 noster

287 2413 349 2445 hoc
375 2412 456 2443 vidit
483 2420 543 2452 per
568 2410 738 2452 somnium,

236 2462 329 2504 Quod
355 2461 475 2494 virtute
500 2459 673 2493 Michaelis

286 2512 349 2544 iret
374 2510 408 2542 in
435 2510 580 2542 exitium.

964 274 1011 307 In
1038 274 1071 307 3.
1101 271 1337 304 Nocturno.

1053 347 1251 384 Antiphonae.

861 449 893 482 1.
922 448 1017 481 Hunc
1044 448 1119 480 dum
1147 446 1256 479 Totila
1281 446 1451 486 impugnat

828 495 831 498 ’
978 501 1102 529 trucem
1128 504 1243 536 equum
1272 494 1428 534 dirigens,

930 546 1028 586 Quasi
1053 554 1170 585 agnum
1199 543 1360 583 mitigavit

981 603 1080 634 super
1104 593 1195 624 illum
1222 591 1381 629 residens,

933 642 979 675 Et
1004 643 1045 675 ad
1072 650 1178 682 regem
1206 640 1397 680 properavit

982 691 1083 723 multa
1108 689 1201 730 signa
1227 688 1361 721 faciens.

875 780 908 812 2,
935 778 1075 811 Civitate
1101 776 1240 809 liberata

986 825 1133 858 condidit
1159 825 1341 864 eeclesiam,

937 876 974 908 In
1001 884 1064 915 qua
1090 878 1190 905 totam
1219 873 1401 914 designavit

986 922 1112 963 Siponti
1139 922 1338 963 parochiam,

938 972 1007 1011 Qua
1034 972 1162 1011 pictura
1189 970 1397 1010 prophetavit

991 1019 1094 1051 teneri
1121 1019 1318 1052 memoriam.

884 1109 915 1141 3.
944 1107 970 1140 Ο
985 1106 1151 1146 Laurenti,
1166 1105 1345 1137 membrum
1361 1104 1485 1138 Christi

991 1160 1022 1187 et
1050 1164 1156 1186 comes
1182 1154 1353 1194 mirabiliS‚

944 1205 1115 1244 Postquam
1144 1212 1273 1234 carnem
1301 1201 1442 1240 exivisti,

993 1254 1055 1284 iam
1084 1261 1199 1292 regnas
1227 1261 1297 1283 cum
1325 1250 1460 1292 angelis,

944 1301 1008 1334 Sed
1035 1305 1069 1333 ut
1098 1299 1176 1332 felix
1203 1300 1359 1332 exstitisti

993 1359 1026 1381 es
1053 1353 1083 1381 et
1111 1349 1318 1382 venerabiliS.

1067 1465 1278 1500 Responsoria.

884 1544 916 1576 1.
946 1544 1034 1575 Haec
1071 1542 1145 1573 (lum
1173 1542 1300 1574 Totilae
1326 1541 1490 1584 flagellum

992 1591 1158 1623 obsideret
1185 1591 1320 1633 moenia,

944 1640 1064 1672 Ferum
1101 1649 1215 1679 equum
1251 1644 1364 1672 sancto
1389 1639 1490 1681 misit,

993 1689 1095 1720 multa
1120 1688 1252 1728 plenum
1276 1689 1396 1729 mania,

943 1738 1042 1777 Quem
1070 1738 1197 1768 sedavit
1223 1737 1400 1777 equitando

992 1785 1166 1818 sanctitate
1192 1786 1307 1825 nimia;

870 1831 912 1868 V.
940 1835 1038 1875 Quem
1066 1838 1101 1865 ut
1128 1834 1211 1865 vidit
1237 1843 1295 1866 rex
1322 1833 1464 1867 crudelis

990 1884 1126 1916 remissa
1155 1883 1303 1923 saevitia,

943 1931 1165 1965 Condonando
1191 1931 1317 1963 civitati

991 1979 1116 2012 remisit
1142 1980 1184 2011 ad
1212 1980 1358 2020 propria.

883 2069 915 2102 2.
941 2069 1005 2101 Hic
1031 2067 1180 2100 habendo
1207 2068 1400 2109 prophetiae

993 2116 1198 2149 sanctitatem
1226 2116 1390 2156 duplicem

941 2166 1059 2198 Aulam
1087 2163 1165 2196 fecit
1190 2166 1414 2205 praecursoris

991 2214 1198 2256 depingendo
1224 2214 1360 2254 silicem,

943 2264 1041 2304 Quam
1070 2262 1247 2303 parochiae
1273 2264 1440 2303 praedixit

988 2312 1232 2353 recuperandae
1258 2312 1372 2346 vicem.

868 2357 913 2394 V.
938 2360 1001 2393 Hic
1027 2359 1178 2393 habendo
1205 2362 1390 2394 sanctitatis

993 2414 1023 2442 et
1051 2409 1181 2442 virtutis
1208 2410 1342 2442 calicem

941 2459 996 2492 Ad
1023 2459 1222 2500 pingendum
1249 2469 1327 2492 suae
1353 2469 1467 2493 manus

991 2507 1163 2549 adaptavit
1189 2509 1353 2549 pollicem.
