1650 2727
725 165 966 201 -31...

514 265 545 298 3.
574 261 783 297 Infernorum
807 263 883 296 hinc
906 270 1034 307 portam

576 312 738 354 Perquam
764 313 877 346 reddit
902 314 1090 355 absorptam

626 361 848 403 Eiusdemque
874 363 1073 403 voraginem.

575 409 721 452 Constat,
750 410 837 451 quod
864 411 1030 450 divinitus,

574 459 677 491 lmmo
703 468 767 491 non
792 460 979 492 humanitus

624 507 740 540 Carnis
767 508 905 548 sumpsit
932 508 1100 549 originem.

241 603 369 630 Collect.
392 611 446 630 ωε,
469 603 663 631 Bohemicum
687 611 764 630 saec.
790 602 834 632 15.
857 603 928 632 Cod.
952 605 1159 633 Vindoboneu.
1182 603 1270 634 3143.
1296 621 1330 624 —
1357 606 1386 636 1,
1416 604 1434 634 3
1456 604 1519 642 phy

162 652 215 670 ens
236 643 350 670 entium
383 656 420 661 -
445 641 476 674 l,
505 642 524 670 4
544 642 624 670 Ecce
645 645 699 670 nat
720 643 749 669 in
773 651 871 679 prora.
895 659 931 663 —
953 642 986 675 3,
1021 643 1038 671 2
1059 645 1117 672 Per
1140 645 1218 680 quod
1243 649 1334 672 restat
1357 645 1518 673 adem-tam.

159 697 197 701 —
219 679 246 715 3,
269 679 287 709 3
309 682 474 718 voraginis.
498 698 534 702 —
559 679 585 714 3,
607 680 626 709 4
648 682 774 710 Constat
795 692 812 710 a
833 682 987 710 divinitus.

593 845 641 877 23.
684 845 720 877 lu
741 844 921 878 Nativitate
945 846 1078 879 Domini.

177 950 207 982 1.
236 947 391 981 Nascitur
417 957 457 980 ex
484 948 609 990 virgine
878 950 910 984 3.
941 951 1026 983 lacet
1055 951 1088 982 in
1116 951 1321 990 praesaepio,

232 997 310 1031 Sine
336 998 399 1030 viri
425 998 549 1030 semine
940 1000 1039 1032 Cuius
1065 1000 1215 1032 natalitio

234 1048 340 1080 Verus
367 1046 414 1079 sol
441 1046 595 1079 iustitiae.
938 1048 1082 1081 Mundus
1109 1047 1201 1080 floret
1229 1049 1361 1089 gaudio.

175 1156 207 1188 2.
235 1154 420 1186 Laudemus
446 1153 479 1186 in
507 1154 642 1194 virgine,
881 1157 912 1189 4.
941 1155 1030 1196 Ergo
1057 1160 1168 1189 nostra
1196 1156 1304 1189 contio

234 1203 328 1244 Quod
354 1203 512 1244 produxit
540 1202 643 1235 libere
941 1205 1035 1238 Omni
1064 1206 1161 1247 plena
1188 1205 1309 1247 gaudio

232 1251 335 1285 Nobis
361 1261 470 1292 regem
496 1251 630 1294 gloriae.
937 1254 1117 1287 Benedicat
1144 1255 1294 1287 Domino.

238 1349 362 1376 Collect.
384 1358 438 1376 ms.
460 1350 634 1378 Hilariense
655 1358 733 1379 saec.
759 1350 802 1379 15.
826 1351 896 1378 Cod.
921 1351 1070 1379 Hilarieu.
1093 1350 1140 1379 83.
1163 1367 1201 1371 -—
1225 1352 1306 1380 Nach
1333 1352 1362 1385 1,
1395 1352 1413 1377 3
1436 1353 1510 1380 noch

158 1389 255 1416 Natus
284 1389 349 1416 sine
376 1389 510 1423 crimine,
539 1389 713 1418 ersiehtlich
741 1390 971 1427 eingesehobeu.
1004 1407 1040 1411 —
1063 1391 1148 1419 Nach
1170 1393 1203 1424 4,
1233 1389 1250 1418 2
1274 1392 1511 1428 eingeschoben.

160 1429 248 1456 Nunc
270 1431 299 1455 et
320 1429 385 1456 sine
407 1430 542 1458 termino.

584 1555 634 1586 24.
676 1554 712 1588 ln
734 1554 914 1587 Nativitate
939 1555 1074 1588 Domini.

171 1658 200 1689 1.
229 1656 393 1689 Resonent
420 1658 549 1697 pueruli
876 1661 908 1694 3.
936 1660 1126 1692 Aeternitas
1155 1659 1301 1691 nascitur

278 1704 478 1738 Sollenniter
984 1734 991 1741 .
1045 1736 1052 1743 .
1106 1736 1111 1741 .
1165 1734 1173 1742 .

229 1755 318 1787 Voce
344 1755 398 1796 pia
424 1756 587 1788 cantando
935 1758 1107 1799 Templum
1138 1757 1213 1789 dum
1243 1758 1423 1790 destruitur

275 1804 481 1838 Unanimiter
984 1832 1237 1842 .....

326 1853 418 1886 Novo
446 1858 535 1897 nato,
1034 1857 1075 1888 Et
1104 1856 1167 1887 olei

225 1903 286 1945 Qui
313 1903 490 1944 plasmavit
517 1908 549 1936 et
577 1905 701 1936 creavit
935 1906 1025 1938 Fluit
1054 1906 1153 1947 rivus,
1182 1905 1314 1946 quando
1342 1907 1435 1938 vivus

275 1952 422 1989 Terram,
451 1958 598 1995 pontum,
625 1954 771 1988 aethera.
985 1955 1090 1987 Verus
1118 1954 1207 1987 Deus
1231 1955 1394 1989 redditur.

165 2062 198 2094 2.
227 2059 376 2094 Infantes
402 2065 439 2094 ut
465 2061 584 2095 infanti
875 2065 909 2097 4.
936 2064 1041 2096 Natus
1069 2068 1119 2096 est
1146 2064 1323 2105 verbigena

273 2111 452 2144 Pueriliter
984 2113 1035 2145 De
1062 2113 1200 2154 virgine,

225 2161 335 2195 Corde
362 2170 446 2202 puro
471 2160 647 2203 psallendo
937 2163 995 2195 Cui
1023 2163 1310 2205 symphonizemus

268 2210 432 2243 Hilariter
984 2212 1062 2244 Cum
1091 2213 1260 2245 conamine

324 2259 396 2292 Deo
422 2263 500 2292 nato
1033 2262 1074 2294 Ei
1102 2265 1211 2301 grates

225 2308 351 2349 Singuli
379 2309 561 2342 concinite:
934 2308 1122 2343 Referendo
1150 2315 1181 2343 et
1208 2310 1374 2344 laudando

271 2356 355 2391 Suze
381 2358 448 2391 libe
476 2367 595 2399 nynne.
983 2358 1150 2393 Summum
1180 2369 1288 2402 regem
1315 2358 1453 2400 gratiae.

226 2457 362 2484 Process.
386 2464 440 2483 ms.
462 2455 669 2497 {Libergense
691 2463 768 2483 saec.
794 2454 838 2484 15.
861 2456 936 2484 Clm.
960 2457 1117 2486 Monaeen.
1140 2455 1226 2485 2992.
1250 2471 1287 2475 —
1310 2455 1342 2491 1,
1366 2456 1382 2484 7
1404 2457 1507 2487 Terra,

169 2502 269 2528 ontus.
289 2515 330 2518 —
350 2497 376 2535 2,
400 2499 418 2529 5
440 2500 531 2529 dioie.
554 2515 590 2519 -
613 2497 647 2534 2,
670 2499 687 2528 7
702 2499 782 2527 Zuze
803 2509 919 2537 nynne,
942 2501 1008 2529 suze
1030 2510 1145 2538 nynne,
1169 2501 1234 2530 suze
1256 2501 1318 2529 libe
1339 2509 1448 2538 nynne.
1470 2517 1507 2521 ——

146 2509 176 2573 Ξ,
199 2539 217 2568 5
239 2539 280 2568 Et
300 2538 384 2568 fehlt.
405 2554 445 2559 —
466 2538 494 2575 3,
516 2540 534 2570 6
554 2540 634 2568 Fuit.
657 2555 694 2559 —
715 2537 743 2575 4,
766 2538 784 2568 7
805 2540 927 2569 Summo
950 2542 1022 2577 regi.
