1650 2727
668 144 933 180 —122—

504 283 770 332 Cantion'es
802 288 864 332 de
893 287 1105 334 Sanctis.

559 459 622 492 150.
665 459 710 491 De
734 461 883 492 Omnibus
903 459 1039 492 Sanctis.

169 551 199 585 1.
228 551 397 584 Resonans
425 551 505 583 cleri
531 556 641 583 coetus
871 553 903 585 3.
931 552 1121 593 Nymphula
1147 552 1306 593 speciosa,

277 601 364 633 Odas
389 600 589 640 harmoniae,
979 600 1105 641 Regina
1131 601 1304 643 caelorum,

229 650 413 681 Personans
440 648 510 680 visu
537 648 642 680 laetus
930 649 1067 690 Virgula
1093 649 1304 692 gemmulosa‚

276 698 415 730 Carmen
442 696 666 737 symphoniae,
980 698 1091 730 Mater
1115 699 1347 739 orphanorum,

146 794 202 827 R0
229 795 414 836 Concrepet
439 794 547 826 cordis
572 794 673 826 iubilo
853 793 908 826 R⁰
936 795 1110 826 Cohortem
1137 795 1244 836 plebis
1270 794 1398 834 respice

278 844 402 876 Cuncta
427 843 634 883 gubernanti,
982 843 1085 876 Sexus
1112 844 1298 884 promiscui,

228 893 353 926 Psallat
380 892 445 924 oris
472 892 603 924 modulo
935 891 1062 923 Sortem
1090 892 1177 924 vitae
1205 892 1327 933 divide,

277 943 340 974 Per
368 941 476 973 saecla
503 941 663 982 regnanti.
984 940 1095 972 Status
1122 941 1283 981 perpetui.

167 1042 201 1074 2.
230 1041 400 1080 Conditor,
429 1048 485 1071 ens
513 1040 645 1079 entium,
876 1040 908 1072 4.
937 1038 1077 1071 Ordines
1104 1038 1300 1071 hierarchici

277 1089 506 1132 Supplicantes
532 1088 620 1131 audi,
986 1087 1105 1120 Omnes
1133 1088 1321 1128 electorum,

228 1139 382 1171 Director
409 1138 607 1179 degentium,
935 1137 1043 1168 Incliti
1071 1137 1241 1169 domestici

277 1187 451 1220 Gementes
477 1187 606 1224 exaudi,
985 1185 1080 1217 Cives
1107 1185 1287 1227 beatorum,

146 1284 201 1318 ΒΟ
232 1285 373 1318 Subleva
399 1284 503 1316 laesos
533 1284 681 1324 squalide
852 1281 906 1315 R⁰
935 1283 1110 1323 Iungamur
1135 1283 1252 1315 vestris
1279 1281 1434 1324 precibus

276 1335 371 1367 Valle
396 1333 581 1366 lacrimosa.
981 1331 1063 1373 Regi
1089 1341 1314 1372 supernorum.

229 1383 371 1416 Subleva
397 1381 507 1421 lapsos
534 1381 643 1413 valide
931 1379 1011 1412 Orbi
1038 1379 1115 1412 facti
1143 1380 1276 1412 sedibus

276 1432 389 1472 Regno
415 1430 617 1471 gaudiorum
980 1429 1110 1460 Taetris
1136 1425 1380 1474 [tar]tarorum

207 1528 291 1555 Cant.
326 1535 380 1554 ms.
412 1526 561 1562 Pragense
592 1525 775 1556 (Wenceslai
807 1525 843 1552 de
872 1525 939 1559 W)
936 1521 1057 1559 skytna)
1087 1526 1158 1552 anni
1192 1523 1275 1552 1512.
1303 1524 1373 1552 cod.
1402 1525 1481 1554 Mus.

129 1567 252 1595 Bohem.
274 1567 349 1594 XIII
371 1566 396 1592 A
420 1563 444 1591 2.
467 1579 505 1583 —
529 1564 558 1596 1,
586 1563 603 1591 6
626 1566 740 1592 Cuncti.
764 1579 800 1583 —
819 1563 851 1594 2
877 1562 895 1590 S
917 1563 1030 1599 Regni·
1059 1563 1111 1591 der
1132 1565 1219 1591 Reim
1240 1564 1394 1597 verderbt;
1424 1565 1480 1593 lies

130 1606 211 1634 Urbe
232 1605 378 1642 gaudiosa
401 1604 471 1631 oder
493 1604 552 1639 dgl.
575 1620 610 1623 —
634 1602 660 1635 4,
683 1602 700 1630 5
722 1604 842 1639 Iungar.
864 1617 902 1620 —
921 1602 948 1633 4,
971 1600 988 1628 7
1010 1603 1107 1630 Orbus
1129 1603 1235 1631 factus.

571 1758 625 1788 151.
669 1758 711 1788 De
733 1757 880 1788 Omnibus
902 1756 1037 1788 Sanctis.

551 1850 581 1881 1.
606 1849 643 1881 In
669 1849 730 1880 hoc
756 1857 849 1881 sacro
875 1848 1045 1881 sollemnio

609 1898 697 1929 Anni
723 1901 874 1930 versante
902 1897 1022 1930 circulo

609 1946 819 1978 Exsultemus
846 1949 878 1977 et
903 1946 1062 1979 laetemur

608 1995 726 2027 Omnes
753 2004 824 2027 cum
851 1995 1007 2035 tripudio.

165 2096 196 2129 2.
225 2095 417 2135 Rogitantes
443 2094 549 2125 Iesum
577 2093 665 2133 pium
868 2094 902 2127 4.
930 2094 995 2125 Vos
1022 2094 1140 2135 angeli,
1168 2095 1389 2136 patriarchae,

225 2143 342 2175 Almae
370 2142 505 2182 virginis
534 2141 644 2184 filium,
928 2142 993 2174 Vos
1008 2152 1145 2185 quoque,
1163 2145 1269 2176 sancti
1283 2145 1475 2189 prophetae,

227 2192 272 2226 Ut
300 2192 340 2224 de
367 2192 439 2224 lacu
465 2191 616 2223 miseriae
930 2190 996 2223 Vos
1023 2192 1175 2235 apostoli,
1203 2197 1378 2235 martyres,

227 2241 295 2273 Nos
322 2240 471 2273 absolvat
497 2239 605 2272 hodie.
930 2239 1048 2272 Lucidi
1075 2239 1291 2283 confessores,

164 2342 194 2375 3.
223 2341 249 2374 O
277 2340 394 2378 Maria,
422 2338 513 2378 virgo
541 2338 604 2378 dia,
868 2340 898 2371 5.
927 2338 1081 2379 Virgines
1107 2348 1168 2371 nec
1194 2349 1257 2373 non
1284 2341 1414 2382 viduae,

225 2390 335 2423 Mater
361 2392 393 2421 et
420 2387 524 2419 dulcis
550 2386 626 2430 filia,
925 2388 991 2419 Vos
1017 2396 1191 2428 precamur
1217 2391 1359 2431 assidue,

225 2440 274 2472 Tu
299 2437 351 2471 fac
377 2436 470 2469 nobis
497 2436 674 2477 propitium
926 2436 972 2470 Ut
998 2445 1058 2477 per
1084 2440 1192 2469 vestra
1221 2440 1411 2479 precamina

225 2489 328 2521 Tuum
355 2486 567 2527 unigenitum.
927 2485 1076 2518 Luantur
1101 2488 1302 2527 peccamina.
