1651 2728
676 122 916 158 ..16-

595 268 624 300 2.
668 268 710 300 De
732 266 855 299 Corona
875 265 1003 307 Spinea.

266 360 310 392 In
346 362 377 395 1.
412 361 635 402 Vesperis.

347 427 546 464 Antiphonae.

165 507 199 538 1.
226 506 340 539 Gaude
368 506 447 538 felix

275 561 379 587 mater
404 555 552 594 ecelesia,

225 605 346 636 Assunt
373 603 432 635 tibi

274 662 357 683 nova
384 652 567 693 sollemnia,

226 700 309 733 Nam
338 709 456 732 corona

276 750 436 789 quondam
464 748 601 788 ingloria

225 798 318 830 Nunc
345 807 404 837 per
432 797 541 829 orbem

273 846 411 886 refulget
438 846 550 885 gloria.

165 935 196 966 2.
225 934 351 966 Corona
378 933 591 965 contumeliae

227 984 348 1015 eruore
376 982 460 1022 regis
487 982 609 1022 gloriae

273 1030 372 1062 Sacro
400 1036 617 1070 consecratur,

228 1079 427 1110 Veneremur
453 1078 675 1119 opprobrium,

226 1128 295 1166 Quo
323 1127 437 1159 salutis
464 1127 641 1159 remedium

274 1176 398 1208 Mundo
426 1181 607 1217 reparatur.

167 1265 198 1298 3.
227 1263 338 1301 Exite,
368 1263 443 1295 Sion
470 1263 566 1296 filiae.

225 1312 340 1344 Videte
368 1321 473 1353 regem
501 1312 623 1352 gloriae

271 1359 338 1392 Sub
363 1369 500 1393 coronae
526 1359 680 1400 ludibrio,

223 1408 301 1441 Fert
331 1409 479 1441 diadema
506 1410 651 1449 spineum

222 1458 263 1489 Et
292 1463 454 1498 sceptrum
482 1457 694 1489 arundineum

271 1506 438 1539 Mundano
465 1512 576 1547 spreto
601 1505 731 1546 gaudio.

163 1596 196 1627 4.
225 1594 385 1626 Coronam
414 1593 667 1633 pulchritudinis

222 1642 272 1674 De
301 1651 397 1674 carne
423 1648 581 1684 sumptam
613 1642 746 1681 virginis

274 1690 336 1722 Pro
357 1690 450 1722 nobis
466 1691 614 1724 Christus
636 1691 762 1732 detulit,

224 1740 314 1778 Quae
340 1739 399 1771 sub
428 1748 544 1771 corona
570 1741 683 1779 spinea

223 1788 282 1820 Pio
310 1797 423 1820 cruore
451 1797 544 1820 rosea

273 1837 365 1868 Vitae
393 1846 541 1869 coronam
571 1837 714 1869 contulit.

162 1926 180 1956 5
209 1923 373 1956 Christum
402 1926 552 1957 eductum
580 1924 700 1966 populo

222 1972 384 2005 Damnant
413 1975 516 2005 crucis
544 1973 690 2013 patibulo

270 2022 393 2058 Iudaei,
422 2022 483 2054 viri
510 2023 711 2063 sanguinum,

221 2071 258 2102 In
287 2072 405 2103 vestitu
432 2080 596 2112 purpureo

222 2120 357 2152 Illusum
384 2125 471 2152 serto
498 2121 610 2161 spineo

267 2168 383 2201 Mundi
409 2175 562 2201 coronant
579 2170 762 2202 Dominum.

322 2256 367 2283 Ad
390 2256 565 2291 Magnificat

146 2315 193 2346 A.
222 2315 247 2347 O
275 2325 412 2348 coronae

269 2364 416 2396 miranda
445 2364 598 2408 dignitas,

219 2413 343 2445 Poenas
369 2413 482 2445 mortis

270 2462 432 2502 repellens
461 2462 600 2495 debitas!

861 1660 892 1692 3.

927 356 976 390 Tu
1002 365 1078 398 spes
1103 355 1217 397 lapsis,

973 405 1110 438 infirmis
1135 404 1283 447 firmitas,

927 454 974 486 Tu
1002 458 1166 486 restauras

978 511 1113 535 coronas
1141 502 1298 543 perditas.

963 641 991 670 A
1005 639 1025 670 d
1061 638 1335 673 Matutinum,

1036 705 1256 732 Invitatorium.

924 786 1049 816 Assunt
1077 783 1229 816 dominici

975 832 1062 865 Serti
1090 832 1270 871 sollemnia,

925 881 1041 912 Laude
1067 880 1238 921 multiplici

977 929 1115 961 Plaudat
1143 929 1291 962 ecclesia.

959 1064 1003 1096 ln
1042 1066 1071 1098 1.
1109 1064 1347 1099 Nocturno.

1049 1131 1248 1167 Antiphonae.

891 1236 898 1242 .
928 1210 1092 1242 (hristum
1119 1210 1178 1242 sub
1206 1216 1294 1243 serto
1320 1211 1434 1252 spineo

974 1258 1113 1291 Deridet
1139 1259 1233 1299 plebs
1261 1260 1430 1301 perfidiae,

926 1307 1023 1339 Cuius
1051 1317 1165 1340 cruore
1193 1317 1285 1340 roseo

975 1355 1103 1389 Sertum
1140 1355 1307 1390 confertur
1333 1357 1473 1399 gloriae.‘

889 1459 897 1468 .
924 1434 1036 1466 Plebis
1062 1434 1099 1466 fit
1126 1435 1268 1467 abiectio

972 1482 1079 1514 Decus
1106 1485 1304 1526 angelorum,

923 1531 1044 1572 Spinae
1071 1533 1130 1564 sub
1157 1533 1317 1574 opprobio

971 1580 1075 1613 Datus
1103 1591 1160 1614 rex
1186 1583 1362 1616 caelorum.

922 1659 1050 1692 Sertum
1077 1660 1293 1693 contumeliae

970 1707 1042 1740 Non
1068 1708 1273 1741 abominatus

922 1756 1051 1789 Florem
1080 1759 1205 1798 sprevit
1231 1758 1356 1799 gloriae

970 1806 1080 1847 Spinis
1108 1813 1291 1840 coronatus.

1039 1912 1251 1948 ResponsorIa.

885 1998 891 2004 .
920 1971 1022 2014 Spina
1049 1980 1162 2004 carens

968 2020 1026 2053 flos
1054 2021 1148 2060 spina
1174 2023 1340 2063 pungitur,

922 2071 985 2102 Per
1009 2079 1105 2110 quam
1131 2071 1248 2111 culpae

969 2119 1065 2158 spina
1091 2119 1320 2163 confringitur,

923 2167 1024 2208 Spina
1052 2168 1165 2200 mortis

971 2217 1074 2258 spinis
1102 2217 1298 2256 retunditur,

971 2264 1056 2298 Dum
1083 2267 1151 2298 vita
1176 2267 1325 2302 moritur.

925 2314 995 2347 Hac
1021 2314 1198 2348 ludibrium

968 2363 1082 2396 Hostis
1110 2364 1290 2409 deluditur,

919 2412 1038 2444 Mortis
1065 2412 1242 2446 dominium

974 2461 1036 2495 Per
1062 2466 1201 2496 mortem
1227 2464 1368 2501 tollitur.
