1650 2727
699 165 966 202 -165—

180 263 214 297 4.
253 261 419 302 Hymnum
444 260 516 294 Deo
543 261 644 295 dicite

303 309 453 344 Flumine
477 310 634 352 quassati,

257 359 378 392 Sancto
403 358 599 396 benedicite,

303 408 364 449 Opi
391 416 468 440 suae
493 409 590 449 grati.

197 479 232 511 5.
260 477 407 517 PraesuI,
436 477 582 509 salvator
608 477 782 520 virginum,

304 526 431 558 Auctor
457 525 600 566 pietatiS‚

254 574 385 607 Laudat
410 574 442 606 in
471 575 570 607 caelis
596 574 771 609 Dominum

302 623 430 656 Fruens
458 632 528 655 cum
556 623 673 658 beatis.

349 710 394 738 Ad
418 710 609 738 Benedictus.

187 771 228 804 A.
257 769 406 807 Nicolae,

299 819 398 851 decus
424 817 581 859 fidelium,

250 867 430 910 virginalis

301 922 410 950 custos
436 917 626 957 munditiae,

254 965 318 998 Vas
348 966 516 1004 virtutum,

302 1015 455 1047 candoris
483 1015 598 1053 lilium,

253 1063 344 1096 Tuae
370 1063 518 1104 pandens

301 1113 406 1144 sinum
431 1112 622 1145 clementiae

962 264 1009 296 Te
1035 268 1229 305 quaerentes

1011 312 1074 345 duc
1101 316 1173 352 post
1202 313 1353 346 exsilium

964 361 1044 394 Cum
1072 361 1180 393 beatis

1007 410 1049 442 ad
1077 409 1229 442 thronum
1257 410 1380 450 gloriae

1007 587 1052 618 In
1080 586 1112 619 2.
1141 585 1363 627 Vesperis.

1058 672 1103 700 Ad
1124 673 1309 708 Magnificat.

895 774 936 807 A.
964 772 990 805 Ο
1018 777 1142 812 pastor,
1173 772 1269 803 dulce
1298 772 1458 814 bravium,

1009 821 1238 853 Desolatorum
1266 821 1381 862 gloria,

960 870 1090 902 Mentes
1117 870 1285 902 illustrans
1313 871 1455 902 omnium

1010 920 1129 957 Verbo,
1158 919 1259 959 signis
1286 923 1317 950 et
1345 920 1461 961 gratia,

961 967 1198 1001 Translationis
1226 967 1378 1008 gaudium

1008 1018 1160 1050 Colentes
1188 1026 1259 1049 cum
1284 1017 1411 1050 laetitia

959 1065 1119 1098 Transfer
1145 1066 1187 1097 ad
1215 1066 1306 1107 regni
1334 1067 1449 1098 solium

1009 1115 1084 1147 Post
1114 1115 1208 1146 huius
1236 1115 1323 1146 vitae
1351 1115 1469 1148 stadia.

232 1200 320 1227 Brev.
348 1209 404 1227 ms.
433 1199 679 1228 praedicatorum
702 1209 779 1229 saec.
807 1200 851 1228 15.
880 1201 952 1229 cod.
984 1201 1199 1229 Carolsruhan.
1230 1205 1273 1229 st.
1300 1203 1363 1229 Pet.
1396 1201 1443 1230 32.
1470 1217 1507 1221 —

150 1241 194 1268 In
221 1239 337 1267 Laud.
360 1239 386 1268 A
410 1237 434 1268 1,
457 1237 475 1265 2
496 1239 570 1267 lies:
592 1239 713 1267 Dudum
736 1242 837 1267 iacens
860 1242 1012 1277 ingloria?
1034 1256 1071 1260 —-
1095 1240 1119 1269 A
1142 1240 1168 1270 3,
1196 1240 1206 1268 1
1232 1242 1383 1277 praetulit.
1407 1256 1444 1261 —-
1466 1242 1509 1269 In

148 1277 175 1306 2.
199 1280 310 1314 Vesp.
333 1279 387 1306 Ad.
419 1278 520 1314 Magn.
542 1278 576 1311 A,
599 1276 618 1306 8
648 1279 755 1308 stadio.
777 1295 813 1298 —
839 1281 1016 1316 Hymnen:
1047 1281 1092 1308 Ad
1119 1281 1223 1316 Vos-pc
1260 1280 1309 1307 Ad
1339 1286 1395 1308 est
1428 1281 1507 1308 dies

146 1319 408 1349 sanctissimam
430 1319 460 1344 in
482 1318 594 1346 Laud:
617 1319 708 1355 Regi
729 1319 925 1347 caelorum.

624 1453 672 1484 66.
715 1454 759 1485 De
781 1455 892 1485 sancto
914 1453 1040 1484 Paride.

307 1545 370 1578 Ad
406 1545 636 1585 Vesperas.

366 1621 569 1659 Antiphonae.

185 1713 219 1746 1.
247 1711 441 1744 Praeclarus
468 1712 539 1744 dies
565 1711 690 1751 rutilat,

246 1760 284 1792 In
311 1770 374 1801 quo
402 1760 506 1803 Paris,
534 1760 694 1793 almificus

244 1809 368 1842 Christi
394 1809 554 1851 pontifex,
583 1810 734 1843 draconis

242 1858 293 1891 De
320 1858 468 1892 faucibus
495 1869 553 1892 nos
580 1860 675 1894 eruit.

182 1949 216 1982 2.
242 1947 307 1980 Hic
332 1947 472 1980 Athenis
498 1948 561 1980 huc
587 1947 722 1981 advenit

291 1997 358 2029 Nos
385 1996 515 2039 quidem
544 1997 718 2042 redimere,

239 2046 354 2079 Hostis
379 2047 466 2079 senis
493 2057 572 2088 quos
598 2046 724 2080 invenit

288 2095 355 2128 Sub
383 2096 510 2130 cultura
537 2097 659 2132 vivere.

177 2185 210 2218 3.
236 2183 406 2226 Religatus
433 2185 599 2227 relegatur

237 2233 349 2267 Durus
373 2234 478 2268 hostis
504 2238 537 2267 et
562 2238 760 2276 prostratur,

236 2282 346 2317 Draco
374 2283 486 2318 furens
513 2284 702 2326 adplicatur

284 2333 339 2366 Ad
367 2332 534 2376 profunda
561 2333 679 2375 pelagi.

175 2423 210 2456 4.
238 2421 448 2463 Ingratanter
475 2423 536 2456 hoc
563 2423 709 2464 suscepit

235 2471 336 2506 Plebs
362 2472 490 2516 insana,
519 2473 594 2505 dum
621 2472 750 2515 accepit

286 2521 355 2554 Viri
382 2522 488 2555 sancti
515 2521 698 2557 victoriam.

899 1550 930 1580 5.
955 1546 1051 1578 Mens
1079 1551 1241 1585 caecatur,
1272 1546 1348 1578 dum
1371 1548 1506 1587 antiquo

956 1595 1151 1628 Famulatur
1176 1596 1320 1637 inimico,

956 1644 1039 1677 Nam
1069 1645 1228 1677 cultorem
1255 1645 1425 1685 trinitatis,

950 1695 1141 1727 Amatorem
1171 1694 1315 1731 deitatis,

953 1743 1053 1776 Plebs
1080 1744 1258 1776 immensae
1286 1745 1454 1776 caecitatis

1000 1793 1089 1825 Nece
1126 1793 1257 1834 dignum
1295 1795 1499 1834 comprobat.

1048 1940 1093 1967 Ad
1117 1939 1303 1976 Magnificat.

872 2026 914 2063 A.
942 2029 1012 2061 Rex
1041 2038 1151 2070 regum
1180 2039 1266 2071 vere,

996 2078 1111 2119 populi
1138 2079 1248 2111 miseri
1277 2080 1443 2123 miserere,

945 2128 1000 2160 Ad
1027 2132 1059 2160 te
1085 2128 1258 2161 clamantis

995 2177 1129 2209 summis
1169 2178 1386 2218 precibusque
1422 2188 1497 2220 pre-

1259 2228 1375 2261 cuntis.

945 2275 1006 2315 Qui
1035 2275 1187 2309 Paridem
1215 2276 1347 2315 laetum,

994 2325 1133 2358 sollenni
1158 2325 1255 2357 laude
1282 2327 1457 2367 repletum,

945 2374 999 2406 Ad
1027 2375 1169 2415 patriam
1199 2375 1284 2407 vitae

996 2423 1100 2463 ducis,
1134 2433 1230 2464 quam
1265 2424 1406 2457 maxima
1434 2425 1496 2458 rite

946 2471 1076 2505 Gaudia
1103 2477 1329 2512 concrescunt,

993 2521 1090 2555 flores
1126 2523 1287 2563 nitidique
1315 2522 1494 2557 virescunt.
