1650 2727
707 174 974 211 —123—

196 274 231 307 4.
258 272 416 306 Conscius
441 272 553 304 arcani
580 281 625 314 es,
970 272 1123 312 Desuper
1148 271 1302 303 intendas

309 321 398 362 quod
423 321 592 353 nescivere
606 321 758 363 ‘pt-iores,
1019 319 1113 353 nobis
1139 319 1341 360 miserosque
1368 318 1517 360 benignis

258 370 344 403 Dum
373 369 540 403 Christum
567 369 684 411 tangis,
971 368 1123 410 Aspicias
1150 368 1265 407 oeulis,

308 417 387 458 fem,
415 416 545 450 refoves
572 424 605 451 et
631 418 704 452 alis.
1019 425 1099 458 quos
1115 416 1214 448 creba
1228 416 1374 457 pericula
1386 420 1516 449 vexant.

197 529 230 560 5.
258 526 308 558 Tu
335 526 396 567 vir,
422 529 457 557 tu
482 525 632 558 dominus
1010 535 1056 567 1„
1085 535 1117 566 2,
1147 533 1371 574 Vesperis,

308 574 422 607 matris
437 574 567 606 Domini
589 574 805 616 dominorum,

258 624 300 656 Et
328 623 389 655 tibi
415 622 587 663 subicitur,
1066 601 1110 629 Ad
1133 601 1318 636 Magnificat.

307 673 361 713 qui
388 672 472 727 {egi}
498 675 588 705 astra
617 671 718 705 Deus·
893 679 936 716 A.
964 682 990 715 Ο
1022 681 1151 723 Ioseph,
1179 681 1376 713 aderescens

259 722 295 754 1¹¹
323 725 424 755 tems
448 721 548 762 ‘gitur
1018 731 1137 766 dictus.
1166 735 1199 762 tu
1219 737 1368 762 crescere
1388 727 1440 761 fac
1458 738 1517 761 nos

306 779 340 802 08
366 779 483 810 magUO
511 771 627 812 dignus
654 769 787 811 h01¹0res
970 780 1133 813 Virtutum
1161 779 1329 820 gradibus,

257 819 316 852 C¹¹i
341 828 427 852 ”⁰¹¹⁰
453 820 486 851 in
513 820 612 852 caelis
1017 830 1121 862 donec
1150 830 1240 861 Iesus
1270 828 1430 860 videatur.

309 869 413 910 gloria
439 879 556 910 magua
583 869 692 902 datur·
968 879 1081 912 Incola
1110 879 1185 910 (lum
1213 882 1321 910 terrae

1018 927 1139 970 fueras,
1156 928 1216 959 hoe
1231 936 1345 959 munus
1361 925 1518 967 habebas,

350 995 395 1023 Ad
418 995 608 1023 Benedictus.
968 978 1061 1016 Quod
1089 977 1170 1008 caeli
1199 977 1348 1008 dominus

1018 1027 1170 1066 dignatus
1199 1030 1267 1057 erat
1296 1024 1355 1056 tibi
1383 1023 1492 1057 subdi.

182 1072 226 1109 Α.
254 1077 283 1108 A
311 1075 455 1116 propriis
481 1075 607 1108 laribus
967 1076 1053 1116 Quid
1080 1074 1188 1112 modo,
1217 1075 1323 1106 divus.
1352 1073 1463 1111 habes,

308 1124 470 1165 quondam
482 1123 576 1165 fugis,
587 1129 621 1157 at
628 1123 723 1155 modo
731 1132 848 1165 regnas
1018 1134 1036 1156 o
1045 1128 1165 1164 quanta
1173 1124 1331 1163 potentia,
1343 1126 1464 1162 quanta
1472 1126 1522 1154 est

259 1174 296 1206 ln
325 1174 407 1206 caeli
434 1173 542 1213 patria
972 1173 1029 1205 Vis
1056 1173 1268 1213 impetrandi,

308 1221 400 1264 felix,
429 1230 561 1254 securus
589 1226 619 1254 et
647 1221 751 1253 omnis
1018 1221 1521 1263 quia‚dumvir,dumpaterorat

260 1271 390 1313 Expers
417 1271 564 1313 terroris,
970 1271 1115 1304 Uxorem
1143 1275 1175 1302 et
1202 1276 1324 1311 natum,

314 1319 836 1361 labor,anxietasmetusabsunt.
1021 1320 1109 1353 velut
1135 1320 1307 1360 imperium
1336 1323 1520 1359 reputatur.

240 1426 380 1455 Officium
402 1435 439 1453 ex
460 1427 620 1463 evangelio
642 1429 671 1454 et
692 1427 828 1462 probatis
851 1425 1007 1454 doctorum
1031 1425 1192 1454 Bernardi:
1226 1427 1305 1454 Petri
1328 1425 1364 1453 de
1387 1426 1519 1453 beliaco:

159 1468 190 1494 et
203 1466 350 1493 Iohannis
366 1467 497 1494 Gerson:
521 1466 680 1494 sententiis
703 1466 817 1502 absque
840 1464 1038 1501 apochrifism)
1056 1465 1215 1493 collectum
1239 1466 1274 1493 de
1291 1469 1394 1493 sancto
1412 1466 1520 1502 Ioseph

158 1506 306 1534 nutritore
334 1506 434 1533 cristi:
461 1506 547 1532 cuius
574 1505 691 1533 festum.
720 1505 804 1533 XIX.
834 1505 883 1532 die
912 1507 1015 1532 marcii
1046 1505 1258 1532 celebrandum
1281 1506 1415 1532 institnit
1438 1515 1520 1533 reue-

160 1544 358 1573 rendissimus
393 1548 422 1573 et
456 1544 584 1572 illustris
620 1545 760 1581 princeps
795 1544 934 1572 dominus
976 1545 1116 1572 Albertus
1153 1554 1188 1572 ex
1222 1545 1346 1572 bavarie
1380 1544 1519 1572 ‹lucibus-2

159 1585 381 1620 argentinensis
403 1584 583 1620 Episcopus.
633 1581 673 1610 Et
699 1587 928 1620 assumpserunt
954 1584 1089 1612 illustres
1118 1588 1147 1611 et
1175 1586 1313 1619 generosi
1343 1584 1457 1612 domiui
1485 1584 1521 1612 de

158 1623 291 1660 capitulo
320 1625 444 1652 maioris
466 1624 592 1651 ecclesie
622 1623 765 1652 eiusdem.
809 1624 991 1660 Impressum
1022 1633 1075 1660 per
1103 1623 1268 1651 Iohannem
1293 1623 1445 1659 wehiuger
1468 1625 1521 1651 IX.

157 1663 206 1691 die
227 1664 349 1691 marcii:
372 1664 460 1691 Anno
481 1663 532 1690 dni
554 1663 689 1691 MDIIII.
710 1677 748 1682 -—
770 1663 958 1700 Zugehorige
974 1664 1129 1699 Hymnen:
1153 1663 1198 1690 Ad
1225 1663 1246 1690 l.
1267 1664 1347 1699 vesp
1369 1673 1373 1688 :
1405 1664 1520 1691 Claro

157 1702 201 1730 de
222 1702 402 1738 Davidis3
433 1701 470 1730 ad
491 1702 652 1739 Complet.:
684 1703 798 1737 Quem
820 1705 948 1739 patres
971 1703 1187 1731 Christum:
1216 1703 1253 1730 ad
1279 1712 1388 1739 parvas
1412 1703 1518 1731 horas:

157 1742 183 1770 O
212 1741 474 1778 praecolenda
500 1743 672 1770 trinitas.
721 1742 789 1770 Alle
811 1742 875 1770 drei
900 1742 1041 1777 Hymnen
1060 1743 1216 1773 (letzteren
1239 1743 1283 1770 als
1308 1742 1363 1773 ..ad
1386 1743 1521 1775 laudes-‘i

158 1781 212 1809 hat
231 1781 329 1809 Morel
351 1781 394 1816 (S.
419 1779 511 1816 146f.)
531 1781 691 1818 mitgeteilt
712 1790 767 1809 aus
789 1783 886 1810 einem
905 1782 1060 1817 „Officium
1083 1791 1119 1809 ex
1142 1784 1310 1818 evangeliis
1333 1786 1361 1809 et
1384 1783 1521 1819 probatis

157 1821 314 1848 doctorum
337 1843 344 1849 .
367 1842 374 1849 .
396 1843 403 1849 .
427 1841 433 1847 .
456 1822 629 1849 sentenciis.
651 1821 681 1849 S.
705 1821 724 1848 l.
746 1831 770 1849 e.
795 1820 850 1855 a.“,
873 1835 909 1840 -
933 1821 1022 1849 allem
1039 1821 1192 1849 Ansehein
1212 1823 1287 1849 nach
1312 1822 1379 1849 eine
1403 1822 1521 1850 friihere

157 1860 302 1897 Ausgabe
331 1860 383 1889 des
409 1860 626 1896 vorliegenden
648 1860 813 1889 Officiums.
841 1875 880 1880 —-
902 1861 960 1888 Die
990 1862 1121 1889 anderen
1152 1861 1334 1889 metrischen
1356 1862 1439 1889 Teile
1468 1862 1520 1889 des

157 1898 311 1928 officiums
334 1900 453 1929 scheint
472 1900 569 1928 Morel
591 1899 675 1928 nicht
696 1900 834 1929 bemerkt
855 1909 893 1928 zu
908 1900 1016 1928 haben.
1032 1917 1069 1920 —
1086 1901 1148 1929 Das
1166 1902 1271 1937 iibrige
1287 1902 1338 1929 der
1356 1903 1521 1937 „Hysteria

157 1940 254 1968 sancti
269 1940 380 1977 Ioseph
399 1941 503 1976 sponsi
526 1940 642 1968 Mai-ie:
666 1943 695 1968 et
715 1941 874 1969 nutritoris
897 1940 1072 1977 alumnique
1095 1940 1144 1967 dni
1168 1942 1262 1967 nostri
1280 1941 1369 1968 Ihesu
1386 1941 1517 1969 Christ?

156 1981 197 2008 ist
217 1980 385 2016 prosaisch.

615 2125 665 2158 50.
709 2126 752 2157 De
774 2128 887 2158 sancta
909 2125 1048 2157 Iuliana.

304 2229 352 2262 In
380 2230 412 2263 1.
438 2228 662 2270 Vespa-rie.
907 2230 940 2262 2.
968 2229 1061 2261 Haec
1088 2233 1163 2261 nata
1192 2229 1232 2261 de
1259 2228 1416 2261 nobilium

968 2277 1216 2311 Praefectorum
1244 2278 1402 2320 progenie

377 2306 580 2344 Anhphmme'
969 2328 1089 2368 Patris,
1119 2328 1246 2369 matris,
1272 2327 1446 2368 insignium

197 2389 228 2422 1.
258 2388 401 2421 Plaudat
426 2391 532 2420 mater
559 2386 700 2421 ecclesia
968 2376 1094 2409 Civium
1123 2376 1346 2410 Nicomediae-

254 2437 358 2470 Novis
383 2437 519 2471 laudum
544 2435 742 2479 praeconiis,

254 2487 357 2529 Quam
386 2486 535 2521 Iulianae
559 2485 665 2527 gloria
909 2486 942 2520 3.
969 2485 1023 2518 Ab
1050 2486 1144 2519 annis
1172 2486 1354 2527 puerilibus

251 2535 398 2570 Festivis
424 2536 533 2578 replet
558 2534 700 2578 gaudiis.
968 2535 1078 2568 Sacris
1105 2535 1230 2568 imbuta
1256 2534 1414 2573 moribus,
