1650 2727
539 602 805 649 Cantiones
837 604 1120 650 Natalitiae.

580 798 641 830 162.
682 798 716 830 In
740 798 917 831 Nativitate
940 798 1070 830 Domini.

185 891 212 923 l.
239 890 337 933 Ecce,
365 900 484 924 novum
512 891 678 932 gaudium,
890 893 921 925 2.
949 892 1109 924 Mundum
1138 893 1226 925 Deus
1253 893 1394 926 flebilem

287 939 386 981 Ecce,
415 950 531 972 novum
560 940 694 972 mirum!
999 941 1142 973 Cernens
1169 943 1201 974 in
1229 944 1332 985 ruina,

240 989 342 1029 Virgo
366 989 455 1030 parit
482 990 596 1030 filium,
950 991 1068 1022 Rosam
1098 991 1326 1024 delectabilem

286 1039 376 1079 Quae
402 1047 467 1071 non
493 1039 582 1071 novit
612 1039 727 1078 virum,
999 1039 1159 1072 Produxit
1188 1041 1228 1072 de
1255 1041 1360 1082 spina,

289 1086 354 1120 Sed
381 1091 417 1120 ut
440 1088 530 1128 pirus
558 1089 676 1128 pirum.
998 1088 1118 1121 Natum
1147 1089 1188 1121 de
1215 1091 1335 1131 regina,

287 1136 390 1170 Gleba
418 1135 483 1169 fert
509 1146 682 1178 papyrum,
997 1137 1057 1177 Qui
1085 1141 1134 1169 est
1160 1139 1336 1178 medicina,

336 1186 474 1219 Florens
502 1186 618 1219 lilium.
1046 1187 1140 1219 Salus
1168 1188 1324 1229 gentium.

284 1234 383 1277 Ecce,
409 1236 496 1276 quod
524 1241 643 1267 natura
998 1235 1094 1276 Ecce,
1122 1238 1206 1278 quod
1236 1243 1352 1270 natura

285 1283 394 1317 Mutat
420 1294 478 1317 sua
505 1285 595 1317 iura!
997 1285 1105 1318 Mutat
1131 1295 1189 1319 sua
1216 1286 1305 1319 iura!

289 1333 387 1375 Virgo
413 1334 501 1374 parit
527 1343 611 1374 pura
999 1334 1099 1375 Virgo
1126 1335 1213 1375 parit
1240 1345 1322 1376 pura

336 1383 397 1415 Dei
425 1382 538 1417 filium.
1048 1383 1110 1416 Dei
1136 1384 1250 1418 filium.

590 1483 621 1516 3.
651 1482 807 1522 Nequivit
833 1482 990 1514 divinitas

697 1531 776 1564 Plus
803 1530 979 1570 humiliari,

652 1580 721 1613 Nec
747 1583 860 1613 nostra
885 1580 1062 1613 carnalitas

695 1629 803 1670 Magis
830 1631 981 1672 exaltari,

697 1678 767 1712 Deo
795 1680 978 1720 coaequari,

698 1727 796 1761 Caelo
824 1729 978 1761 collocari

748 1779 811 1810 Per
837 1777 1031 1819 coniugium.

696 1826 792 1869 Ecce,
820 1828 906 1868 quod
935 1832 1052 1860 natura

695 1876 803 1909 Mutat
830 1886 887 1909 sua
915 1876 1005 1909 iura!

698 1926 798 1968 Virgo
825 1927 915 1968 parit
942 1935 1023 1967 pura

747 1976 807 2008 Dei
834 1975 948 2008 filium.

214 2073 288 2103 Piae
303 2073 468 2103 Cantiones
494 2071 568 2102 1582
589 2073 641 2102 fol.
664 2075 688 2102 B
711 2071 765 2102 8a.
786 2073 971 2110 (Klemming
994 2074 1034 2105 ΙΙ,
1061 2072 1094 2101 12
1117 2082 1160 2109 sq.
1184 2073 1244 2101 als:
1272 2073 1342 2109 „Hy
1354 2071 1499 2108 mnus“.)

568 2208 627 2241 163.
668 2208 703 2240 111
727 2206 907 2240 Nativitate
930 2207 1063 2240 Domini.

170 2301 230 2335 la.
258 2300 399 2334 Florens
425 2300 579 2334 iuventus
606 2300 744 2343 virginis
883 2302 899 2335 1
915 2300 946 2334 b.
973 2301 1032 2342 Qui
1060 2301 1201 2334 labentis
1227 2301 1363 2342 originis

310 2349 469 2384 Fructum
482 2350 598 2384 salutis
611 2351 785 2392 germinat,
1020 2350 1225 2383 Vetustatem
1252 2351 1460 2386 exterminat.

169 2451 235 2484 22.
261 2449 348 2483 Dum
366 2449 504 2484 verbum
517 2450 622 2491 patris
635 2449 786 2483 nascitur
881 2448 946 2483 2b.
974 2451 1178 2490 Factumque
1204 2458 1280 2482 earo
1305 2451 1453 2491 pascitur

309 2499 363 2534 Ex
389 2503 496 2533 matre
521 2499 618 2532 simul
644 2498 724 2542 filia,
1020 2499 1113 2532 Inter
1137 2499 1274 2540 pudoris
1301 2499 1380 2533 lilia.

1272 2555 1317 2586 9⁸
