1650 2727
669 186 716 192 -
767 168 811 204 51
866 185 912 192 -

143 263 188 300 V.
217 266 422 306 Pauperibus
448 275 584 306 erogare
1041 266 1254 301 Responsoria.

265 315 410 349 Pretium
437 315 518 348 velis
545 315 671 357 affecto,

267 364 336 397 Iam
364 363 464 396 verbo
490 363 550 396 tibi
578 364 714 407 directo,
826 347 857 379 1·
887 344 1080 377 Tmffi‘iffl'e
1107 349 1222 385 Parata

221 412 408 453 Carissimo,
438 412 512 446 dico
539 412 637 445 clare.

185 536 193 543 .
219 512 310 552 Agro
335 511 386 543 vir
411 515 521 552 empto
548 509 701 543 fundavit

221 559 392 600 Templum
419 559 452 591 in
477 559 600 592 Christi
624 560 762 599 nomine,

222 608 286 642 Ubi
313 609 431 640 multas
458 608 630 648 ampliavit

201 657 372 690 -Secundo
397 662 510 698 gentes
541 658 668 701 ordine,

221 706 410 739 Restituens
435 707 586 746 creatori,

219 755 305 794 Quos
332 754 487 787 cernebat
514 756 598 788 male
623 757 716 790 mori.

167 805 188 838 ‘'.
217 805 247 836 A
275 803 432 836 daemone
458 805 672 837 subtrahebat

263 855 365 893 Quam
405 854 564 893 plurimos
591 854 763 896 prodigiis,

266 903 465 935 Luculeuter
492 902 600 935 verbis
629 903 693 935 diis

216 950 379 984 Iudicium
407 951 602 993 exponebat.

244 1119 291 1151 In
327 1119 359 1151 2.
397 1117 631 1153 Nocturno.

339 1205 539 1241 Antiphouae.

179 1320 185 1326 .
215 1295 241 1327 O
268 1303 326 1326 rex
353 1295 495 1336 Christe,

266 1352 361 1384 quam
390 1343 548 1385 Dionysio

216 1392 391 1424 Scientiam

263 1450 413 1482 magnam
439 1447 474 1473 tu
503 1442 643 1475 dedisti!

213 1490 295 1522 Nam
324 1489 424 1522 fertili

263 1541 413 1579 cognovit
440 1540 548 1573 studio

215 1588 352 1629 Lunam,
379 1589 502 1630 stellas,

263 1646 342 1678 quas
369 1643 404 1670 tu
432 1636 625 1673 fundavisti.

153 1744 159 1750 ·
178 1761 184 1766 .
214 1735 374 1768 Memoria

262 1789 320 1816 tua
345 1785 556 1827 redundabit,

212 1833 316 1871 Dixit,
343 1833 444 1872 Deus,

259 1882 347 1924 apud
375 1892 487 1916 omnes
514 1892 619 1925 reges,

214 1931 301 1964 Laus
328 1941 428 1973 super
453 1937 486 1965 te

261 1990 392 2022 semper
415 1981 608 2026 abundabit,

210 2029 295 2063 Nam
319 2029 478 2064 bonorum

257 2087 401 2113 meorum
427 2091 492 2114 non
518 2090 606 2124 eges,

148 2180 180 2213 3.
211 2178 282 2212 Rex
309 2182 454 2222 aeterne,

255 2236 355 2270 super
380 2229 539 2264 craticula

207 2276 343 2310 Servum
369 2278 444 2320 igne

255 2335 307 2360 me
333 2327 539 2368 examinasti,

204 2375 356 2410 visitasti

254 2428 359 2469 nocte,
386 2432 448 2468 per
473 2426 602 2468 singula

210 2473 382 2518 Supplicia

254 2532 311 2558 mr
335 2533 443 2558 meum
468 2525 630 2567 probasti.

886 394 923 425 Iu
950 393 1035 425 hune
1061 404 1081 425 a
1107 392 1316 432 pontificibus

887 441 1109 475 Concurrebnt
1137 442 1231 482 plebs
1258 445 1385 474 armata

885 490 1054 523 Atrociter
1080 499 1152 521 cum
1178 490 1321 528 ensibus,

887 539 951 571 Sed
981 539 1040 571 hoc
1068 539 1136 571 viso
1164 538 1391 579 prosternebat

885 588 926 620 Se
953 588 1089 629 quisque
1115 589 1165 619 vel
1195 586 1351 628 fugiebat,

887 638 968 677 Quia
997 637 1130 669 caelesti
1157 637 1279 669 lumine

886 686 1047 726 Fulgebat
1075 686 1189 727 plenus
1217 687 1359 718 numine.

826 733 868 770 V.
888 735 980 768 Idola
1008 740 1083 767 tunc
1113 735 1325 767 destruuntur

934 787 963 817 A
983 785 1143 822 manibuS,
1171 793 1253 825 quae
1281 783 1438 823 fecerant,

884 833 926 865 Et
955 835 1148 866 daemonum
1178 834 1365 865 irascuntur

935 883 1075 920 Turbae,
1101 892 1183 922 quae
1202 883 1292 923 prius
1318 882 1471 914 riserant.

825 983 858 1014 2.
887 981 1036 1012 Illustres
1064 981 1250 1021 Dionysius,

887 1030 1049 1069 Rusticus,
1079 1029 1300 1071 Eleutherius,

888 1078 1089 1110 proterviter
1116 1079 1263 1115 cruciati,

887 1127 966 1159 Dire
993 1133 1067 1159 sunt
1095 1129 1271 1160 examinati

884 1177 913 1208 A
942 1176 1106 1217 principe:
1140 1178 1260 1218 „Quem
1286 1177 1403 1210 colitis.

887 1226 929 1257 Et
957 1234 1050 1266 quem
1078 1226 1182 1258 Deum
1210 1226 1368 1264 asseritis,

886 1274 969 1306 Dum
999 1275 1137 1307 mundus
1165 1276 1211 1307 sic
1239 1276 1447 1307 convertitur

886 1323 929 1355 Et
955 1323 1079 1355 idolum
1108 1324 1327 1356 diiiiittitur‘3“

843 1373 864 1406 ’.
884 1371 947 1404 Dio
975 1372 1060 1404 dono
1086 1373 1240 1414 inspirati

936 1421 1009 1454 Una
1038 1430 1115 1454 voce
1141 1422 1322 1454 trinitatem

887 1469 1139 1512 Responderunt
1166 1477 1197 1502 et
1226 1471 1313 1503 beati

935 1519 1057 1552 Christi
1086 1521 1158 1552 lesu
1187 1520 1402 1553 maiestatem.

849 1644 856 1650 .
885 1617 911 1650 O
939 1618 1021 1650 mira
1049 1627 1111 1653 res,
1140 1619 1173 1651 in
1201 1623 1318 1651 natura

884 1666 1016 1699 Bestiae
1042 1668 1134 1700 rabie
1162 1668 1244 1700 dura

884 1715 1058 1748 Excitatae
1086 1717 1220 1758 ieiunio,

886 1765 922 1797 In
950 1775 1084 1807 quarum
1113 1771 1244 1799 sanctus
1273 1766 1382 1799 medio

886 1815 1053 1847 Proiectus
1081 1820 1139 1853 est,
1169 1820 1358 1849 mansuetae

886 1863 968 1896 Sunt
994 1873 1055 1905 per
1081 1865 1187 1897 crucis
1214 1865 1417 1907 signaculum

883 1912 927 1945 Et
955 1912 1016 1945 sibi
1045 1914 1160 1946 dantes
1188 1915 1335 1947 osculum

884 1962 981 1995 Hunc
1009 1963 1179 1996 dimittunt
1204 1965 1236 1996 iu
1261 1965 1379 2005 quiete.

821 2008 865 2046 V.
880 2012 972 2044 Inter
994 2012 1052 2044 has
1080 2012 1178 2055 teras,
1208 2013 1357 2055 Domine,

933 2062 1027 2094 Assis
1054 2071 1160 2105 servo,
1190 2072 1317 2105 precor,
1345 2063 1413 2105 isti⁷

884 2111 945 2150 Qui
972 2120 1029 2143 nos
1057 2112 1097 2143 de
1124 2121 1218 2144 sacro
1245 2112 1403 2154 sanguine

932 2160 1002 2193 Tuo
1030 2170 1106 2193 vere
1133 2162 1314 2196 redemisti.

948 2309 994 2342 In
1032 2310 1063 2343 3.
1101 2308 1342 2342 Nocturno.

1043 2386 1244 2423 Antiphonae.

821 2477 853 2511 1.
882 2475 966 2508 Dum
993 2476 1035 2509 ab
1063 2485 1120 2509 ore

929 2531 1116 2558 sanctorum
1144 2526 1275 2559 divinus

1248 2581 1267 2610 4
1279 2581 1294 2598 *
