1650 2727
654 163 952 200 —164—

226 263 311 296 Dum
337 263 486 303 antistes,
930 262 1048 295 Incute
1073 261 1139 293 dux
1166 259 1302 300 christi,

274 311 382 355 plebis
407 312 556 353 victoria,
980 311 1055 343 dum
1081 308 1255 341 transferri
1279 306 1438 349 meruisti,

226 362 294 394 Iam
322 370 382 401 per
407 362 519 394 orbem
930 359 1045 392 Dulcis
1071 358 1153 392 odor
1176 361 1298 396 manat,

277 409 380 450 fulget
404 410 437 442 iu
464 410 581 450 gloria.
980 412 1036 440 tua
1061 407 1163 440 virtus
1189 405 1345 446 languida
1362 407 1475 446 sanat3

869 457 906 490 V.
935 456 1057 489 Natum
1084 464 1163 487 voce
1188 456 1244 496 pia

329 505 371 532 Ad
393 506 577 542 Magnificat.
979 504 1093 537 flectas
1131 513 1200 535 cum
1229 505 1333 535 matre
1358 501 1477 534 Maria.

163 567 205 600 A.
233 567 260 600 O
285 566 416 606 praesul
444 565 582 605 egregie,

277 615 385 646 Limes
412 613 597 654 aequitatis,
871 603 906 636 2.
933 601 1048 633 Farris
1074 601 1233 634 adauctus
1261 599 1406 631 cumulus

230 663 352 695 Doctor
378 662 569 702 sapientiae,
983 650 1098 682 Gentis
1125 650 1257 690 supplet
1281 649 1436 688 inopiam,

279 711 411 744 Candor
436 710 600 751 puritatis,
934 699 1081 739 Aurique
1109 699 1204 730 datus
1231 697 1380 729 sacculus

229 762 355 792 Auctor
381 759 596 797 innocentiae,
984 747 1093 780 Patris
1119 747 1215 787 pellit
1241 745 1421 784 tristitiam,

280 808 411 840 Veniam
440 808 583 848 peccatis
870 797 910 830 V.
935 795 1082 828 Tumbae
1102 804 1220 849 ‘sacrae

228 857 326 898 Apud
354 857 504 888 thronum
533 856 656 896 gloriae
969 844 1128 898 ’saluebfls
1155 843 1279 875 rivulus

280 907 381 938 Posce
408 914 478 936 cum
508 904 624 935 beatis.
935 892 1064 924 Nlcolal

985 944 1124 972 testatur
1149 939 1295 979 gloriam.

269 1041 330 1074 Ad
357 1040 633 1072 Matutinum.
877 1039 909 1072 3.
937 1036 1055 1069 Mundi
1083 1036 1192 1076 decus,
1220 1034 1326 1066 forma
1353 1034 1444 1076 cleri,

936 1085 1084 1127 NJcolae,
1112 1093 1225 1116 norma.
1251 1084 1331 1122 veri,

339 1118 560 1144 Invitatoriuni.
1102 1142 1107 1144 ,
1363 1132 1369 1137 .

935 1134 982 1166 Te
1007 1137 1201 1173 quaerentes
1227 1140 1371 1164 revereri

232 1197 356 1234 Venite¹
385 1195 555 1237 magnifice
984 1183 1064 1214 luva
1087 1181 1208 1212 sanctis
1236 1181 1387 1221 precibus

278 1245 455 1278 lubjlemus
933 1231 1032 1271 Apud
1053 1229 1229 1269 Christum,
1253 1238 1361 1270 regem
1381 1234 1482 1269 tuum,

231 1295 274 1326 Et
303 1303 362 1334 pro
390 1298 481 1325 tamo
506 1291 660 1333 pontifice
934 1279 978 1312 Ut
1006 1283 1175 1310 conservet
1201 1286 1331 1318 gregem
1358 1286 1450 1310 suum

280 1343 444 1374 Honorem
474 1341 586 1372 demus
984 1328 1124 1367 lungens
1150 1327 1231 1358 caeli
1260 1326 1396 1359 civibus.

326 1390 477 1422 Domino,
870 1377 910 1410 V.
939 1376 965 1408 O
992 1380 1187 1407 maestorum

985 1424 1080 1456 dulce
1106 1424 1272 1462 solacium,

937 1473 1068 1506 Cunctis
1096 1472 1184 1511 pium

267 1527 329 1558 Ad
366 1525 643 1556 Nocturnum.
984 1529 1115 1561 praesta
1142 1519 1332 1552 subsidium.

355 1601 556 1636 Antiphonae.

182 1682 212 1713 1.
240 1681 277 1712 In
305 1680 374 1718 lege
402 1679 463 1711 Dei
491 1679 606 1710 docilis
1001 1677 1045 1709 In
1081 1675 1316 1709 LaudibuS.

286 1728 403 1760 Studet
429 1728 537 1760 clarus
564 1725 738 1759 virtutibus

232 1778 329 1819 Puer,
358 1777 482 1808 cunctis
507 1775 657 1816 amabilis

281 1825 459 1858 Mundanis
494 1825 613 1864 spretis
649 1823 776 1864 opibus.

1058 1762 1247 1798 Antiphonae
1252 1783 1259 1788 .

880 1863 911 1896 1.
939 1860 1074 1894 Gemma
1101 1861 1253 1893 decorem
1278 1860 1386 1892 induit

179 1914 212 1947 2.
240 1911 441 1945 Constitutus
466 1912 500 1943 in
526 1911 596 1943 acie
983 1910 1114 1943 Dudum
1141 1910 1250 1942 lucens
1279 1909 1314 1941 iu
1340 1908 1458 1949 gloria,

285 1961 473 1994 Praesulum
501 1961 632 1993 oraculo
937 1958 1035 1991 Cuius
1062 1960 1166 1991 virtus
1193 1958 1341 1991 exhibuit

234 2010 349 2042 Totum
377 2018 410 2040 se
438 2007 563 2041 confert
588 2008 713 2050 gratiae
981 2007 1136 2048 Aegrotis
1163 2006 1331 2042 beneficia.

281 2058 413 2091 Christo
438 2066 557 2090 vacans
584 2057 709 2092 sedulo,

876 2107 908 2139 2.
933 2104 1060 2138 Serme
1086 2114 1158 2136 curn
1184 2105 1312 2137 laetitia

174 2148 207 2179 3.
234 2146 359 2178 Doctor
384 2145 594 2186 apostolicus,
985 2153 1120 2186 N100130
1147 2153 1305 2194 pontifici,

283 2195 396 2227 Honor
423 2192 655 2232 confessorum,
935 2202 1094 2234 videntes
1121 2202 1285 2235 mirabilia

234 2245 294 2276 Est
321 2242 454 2276 effectus
481 2242 621 2274 caelicus
987 2251 1094 2284 Multa
1120 2260 1180 2291 pei·
1205 2252 1298 2284 illum
1327 2251 1425 2284 effici,

282 2292 370 2325 Civis
394 2292 593 2333 angelorum.

525 2389 531 2394 q
876 2350 908 2383 3.
937 2348 1041 2382 Terra
1067 2358 1158 2381 suum
1185 2349 1325 2389 protulit

350 2389 564 2425 Responsoria.
985 2397 1143 2430 Fructum
1170 2402 1303 2438 praeter
1328 2407 1464 2443 morem,

175 2450 205 2484 1.
234 2449 370 2483 Gemma
396 2448 576 2490 beatorum,
937 2446 1022 2481 Dum
1049 2456 1109 2488 pro
1137 2446 1218 2480 flore
1246 2448 1385 2481 contulit

284 2498 430 2538 Nimiae,
459 2497 546 2530 salus
573 2497 777 2538 miserorum,
987 2495 1059 2529 olei
1085 2496 1256 2537 liquorem.
