1650 2727
695 174 958 212 —158—

252 271 298 306 Ut
324 273 496 306 credentes

300 325 376 361 post
402 322 464 355 hoc
489 323 640 355 exsilium

252 369 440 410 Suscipiant

299 419 455 461 triumphi
481 420 596 454 lilium.

289 575 350 607 Ad
387 576 660 609 Matutinum.

363 652 584 680 Invitatorium.

255 740 452 780 virginalem
481 750 615 781 puerum

303 788 367 820 Ore
394 790 625 829 collaudemus,

257 838 488 876 Apostolorum
518 838 691 870 Dominum

305 885 416 918 Mente
443 887 626 919 adoremus.

286 1041 331 1072 In
371 1042 401 1074 1.
438 1041 673 1075 Nocturno.

381 1117 579 1153 Antiphouae.
612 1138 615 1140 -

203 1206 233 1238 1.
261 1207 397 1238 Fontem
428 1207 512 1238 vitae
538 1215 687 1238 reserare

311 1254 407 1286 Venit
426 1255 614 1287 Matthaeus
629 1255 802 1296 Mauriam,

262 1302 378 1334 Veram
406 1304 509 1334 lucem
533 1304 684 1335 nuntiare

308 1351 385 1383 Reis
413 1352 586 1383 donantem
614 1353 753 1387 veniam.

203 1449 235 1480 2.
262 1448 387 1480 Morem
418 1458 532 1489 gerens
560 1449 698 1480 hominis

311 1496 414 1528 Deum
441 1498 643 1529 incarnatum

261 1545 427 1577 Describit
454 1551 485 1577 et
511 1546 649 1577 nominis

310 1593 365 1625 Sui
393 1594 596 1626 caelibatum.

198 1691 230 1723 3.
257 1689 468 1722 Documentis
494 1692 648 1731 populum

306 1738 459 1771 Erudivit
485 1741 620 1781 gratiae,

260 1788 401 1820 Praemii
429 1798 512 1820 nunc
540 1789 704 1820 cumulum

306 1836 409 1869 Tenet
435 1837 497 1869 Dei
523 1837 617 1869 facie.

372 1954 582 1988 Responsoria.

197 2022 227 2054 1.
254 2021 411 2053 Mundum
439 2031 558 2062 gyrans

306 2071 469 2110 percurrit
496 2071 649 2110 stadium,

257 2118 379 2151 Gentes
407 2128 520 2151 caecas

308 2173 399 2200 vocat
427 2168 469 2200 ad
498 2168 656 2208 bravium,

256 2217 392 2249 Hostem
420 2215 511 2257 fugat

305 2275 472 2298 assumens
498 2265 642 2306 gladium

306 2314 405 2347 Verbi
431 2315 463 2346 vi
489 2315 638 2348 clavium.

190 2364 227 2396 V.
255 2363 392 2396 Fontem
420 2364 505 2396 vitae
534 2368 694 2396 monstrat

259 2413 391 2453 Christi,
419 2413 472 2454 qui
500 2412 698 2452 proclamat:

259 2462 448 2504 Quicunque
474 2462 574 2503 sitiat,

258 2511 376 2544 Veniat
402 2515 434 2544 et
460 2511 562 2544 bibat.

891 275 925 308 2.
952 274 1087 307 Transit
1109 277 1224 316 gentes

999 323 1210 364 alienigenas,

952 372 1098 414 Mauros,
1126 373 1227 405 Indos

1002 425 1034 452 et
1059 420 1291 453 Macedonicas

958 469 1037 510 lugo
1063 469 1184 502 Christi

1005 517 1148 550 subdens
1175 516 1356 556 terricolas,

1007 566 1131 598 Parans
1158 565 1349 606 caelicolas;

890 615 930 647 V.
959 615 1100 646 Vocatus
1126 624 1145 647 a

1009 663 1141 697 Christo
1168 663 1273 695 dixit:
1301 663 1442 700 Assum,

959 712 1060 752 Quem
1087 712 1247 752 promovit

1009 769 1083 792 mox
1109 760 1142 792 in
1168 760 1362 801 apostolum.

901 857 933 889 3.
962 856 1153 888 Patriarcha
1178 856 1409 896 orphanorum,

1011 905 1156 945 Exterge
1183 905 1297 936 sordes
1323 904 1490 943 mentium,

963 954 1086 985 Luctus
1113 950 1206 984 aufer
1231 953 1431 992 pupillorum

1013 1002 1049 1033 In
1077 1002 1138 1033 hac
1165 1001 1250 1032 valle
1275 1001 1472 1041 gementium

963 1050 1007 1082 Et
1033 1050 1066 1081 in
1093 1053 1186 1081 coetu
1212 1050 1400 1090 angelorum

1014 1098 1188 1130 Consortes
1215 1096 1267 1129 fac
1285 1098 1507 1139 gaudentium.

897 1147 934 1181 V,
964 1148 1034 1179 Rex
1063 1150 1196 1178 coronat

1013 1196 1115 1227 fortes
1142 1199 1173 1226 et
1201 1195 1337 1237 pugiles,

964 1245 1093 1276 Christo
1120 1244 1231 1284 iungat

1009 1293 1196 1325 Matthaeus
1222 1292 1370 1325 humiles.

995 1439 1039 1470 In
1079 1440 1110 1470 2.
1147 1437 1381 1472 Nocturno.

905 1536 937 1570 1.
964 1535 1170 1576 Domesticis,
1197 1534 1366 1574 inquilinis

1012 1583 1056 1616 Et
1083 1583 1199 1624 dogma
1226 1583 1449 1623 evangelicum

961 1632 1111 1666 Christus
1139 1631 1260 1663 nuntiis
1284 1641 1356 1664 cum
1382 1632 1469 1664 binis

1009 1681 1113 1713 Mittit
1140 1685 1171 1712 et
1198 1681 1422 1722 apostolicum,

898 1779 931 1811 2.
957 1778 1144 1818 Agonizans

1008 1827 1108 1858 claret
1137 1827 1313 1864 miraculis,

964 1876 1080 1908 Plebes
1106 1876 1209 1907 munit

1010 1925 1094 1956 divis
1121 1924 1308 1965 signaculis,

959 1974 1083 2006 Parans
1109 1973 1191 2013 iugi-

1009 2022 1070 2054 bus
1096 2022 1329 2056 tabernaculiS.

905 2121 938 2153 3.
965 2122 1070 2152 Atrox
1097 2120 1205 2151 carnis
1232 2121 1439 2162 martyrium,

961 2168 1138 2208 Susceptas
1164 2169 1278 2209 plagas
1306 2170 1489 2211 vulnerum,

959 2217 1167 2250 Perfidorum
1194 2217 1373 2251 ludibrium

957 2266 1110 2298 Habebat
1143 2266 1185 2298 ad
1212 2266 1380 2300 solacium.

1070 2383 1285 2418 Responsoria.

902 2462 932 2496 1.
959 2461 1065 2494 Huius
1092 2470 1210 2503 corpus

1008 2511 1106 2543 lictor
1130 2511 1322 2554 transforat,
