1650 2727
679 148 919 184 ..60-

162 251 194 282 2.
223 248 248 281 Ο
276 248 444 289 praeclare
470 246 631 290 pontifex,

269 298 307 330 In
336 298 454 329 virtute
481 297 543 329 Dei

223 346 273 379 Sis
301 346 415 378 salutis
441 344 552 386 opifex

272 394 375 427 Nobis
402 399 533 427 sanctae
560 394 640 434 spei.

166 504 197 535 3.
226 502 296 534 Rex
323 506 476 533 aeternae
503 501 635 542 gloriae,

273 552 336 583 Per
363 550 447 582 hunc
471 560 530 582 nos
557 549 719 582 conducas

224 599 277 631 Ad
304 604 443 630 montem
472 599 616 630 laetitiae

273 648 391 679 Tecum
419 651 449 679 et
477 648 622 681 inducaS.

342 792 554 827 Responsoria.

169 873 199 904 1.
230 871 356 910 Corpus
383 874 529 902 sanctum

276 917 419 951 defuncti
448 918 607 957 praesulis

226 967 309 999 Dum
339 966 481 998 deferret

278 1025 347 1048 cum
377 1016 559 1047 reverentia

231 1065 329 1097 Urbis
359 1063 509 1095 Leuc-hae

279 1113 384 1144 clerus
412 1122 483 1144 eum
509 1112 649 1152 populis,

230 1161 451 1200 Quadrivallis

278 1219 340 1241 non
367 1210 467 1241 traxit
494 1209 610 1249 spatia.

163 1260 198 1291 Y.
230 1258 417 1290 Liberduno
446 1257 626 1289 debebatur

230 1306 340 1338 Sancti
365 1307 466 1346 quiec.
495 1311 528 1337 ut
558 1305 725 1346 probatur.

176 1411 194 1442 (Ο

202 1434 207 1440 .
237 1408 431 1440 subvectum
459 1407 491 1438 in
519 1407 680 1439 curriculo

284 1457 447 1488 Praesulis
476 1455 571 1487 funus
598 1455 742 1488 inclitum

332 1506 459 1536 vaceae
483 1504 566 1536 duae
593 1504 776 1545 trahebant,

235 1558 323 1593 Quae
350 1553 525 1593 pergrandi
550 1553 707 1584 miraculo

285 1603 405 1634 Locum
433 1602 574 1640 sepulcri
603 1601 747 1633 debitum

334 1650 465 1682 Directe
492 1649 711 1690 requirebant.

166 1701 204 1735 V.
232 1702 319 1739 Quae
347 1708 417 1730 cum
443 1698 571 1730 decenti
598 1698 693 1730 titulo

284 1747 465 1781 Liberduni
493 1747 673 1788 depositum

333 1796 507 1828 Gressibus
530 1795 718 1827 innuebant.

174 1902 205 1933 3.
235 1899 282 1931 De
311 1899 396 1930 celso
423 1898 527 1930 sancti
555 1898 700 1938 praemio

285 1948 367 1980 Vera
396 1951 468 1979 sunt
496 1946 680 1978 testimonia

234 1997 371 2028 Patrata
397 1996 459 2027 Dei
484 1995 620 2027 brachio

283 2047 346 2078 Per
372 2054 443 2076 eum
471 2043 643 2085 mirabilia,

233 2094 293 2134 Qui
320 2103 377 2126 suo
404 2093 586 2134 patrocinio

284 2143 405 2183 Magna
433 2141 559 2174 confert
586 2141 741 2173 remedia.

169 2193 206 2225 V.
237 2192 299 2224 Pro
326 2190 517 2231 triumphali
544 2189 669 2230 proelio

286 2241 402 2273 Pastor
429 2244 543 2280 regnat
568 2239 603 2271 in
628 2238 741 2280 gloria,

237 2289 356 2330 Magno
383 2289 498 2330 dignus
525 2287 710 2328 praeconio,

285 2339 370 2371 Dum
399 2337 534 2378 expellit
562 2336 741 2369 daemonia.

990 246 1007 278 I
1017 255 1037 278 n
1073 245 1100 277 L
1108 255 1127 277 a
1136 254 1157 277 u
1170 245 1189 277 d
1201 244 1210 275 i
1219 243 1241 276 b
1251 253 1272 276 u
1281 253 1306 277 s.

1049 302 1249 339 Antiphouae.

865 364 897 396 1.
924 363 1063 397 Sanctus
1090 363 1141 394 vir
1167 361 1352 395 Eucharius

972 412 1102 444 Morum
1126 411 1198 443 luce
1224 409 1391 452 splenduit

1024 460 1159 492 indutus
1188 459 1351 500 decorem,

928 509 1089 542 Sacerdos
1117 508 1264 549 egregius

973 557 1217 590 Melchisedech
1244 555 1349 588 tenuit

1023 606 1171 638 Gradum
1198 609 1229 636 et
1258 605 1426 639 honorem.

867 666 900 698 2.
928 664 1045 699 cordis
1071 673 1151 704 prae
1177 664 1304 697 laetitia

976 713 1121 745 Iubilans
1148 714 1180 744 in
1208 713 1327 753 gaudio

1025 762 1129 794 Deum
1158 761 1343 802 exquisivit,

928 809 1066 842 Manens
1093 810 1125 841 in
1152 810 1277 842 iustitia

978 859 1138 890 Iustorum
1159 859 1296 890 consilio

1027 907 1166 939 Domino
1191 907 1336 938 servivit.

870 966 902 998 3.
926 965 1025 1002 Deus.v
1053 964 1095 996 ad
1123 968 1155 996 te
1182 964 1319 1006 vigilans

979 1013 1185 1045 Exsultando
1211 1013 1307 1044 labiis

1026 1062 1139 1094 Mente
1165 1061 1335 1097 iubilabat.

931 1110 1042 1142 Rectis
1069 1111 1177 1142 lumen
1205 1110 1353 1149 rutilans,

982 1158 1108 1199 Gloria,
1138 1159 1262 1191 divitiis

1028 1208 1137 1239 Iustus
1163 1204 1363 1240 abundabat.

871 1269 904 1301 4.
932 1266 1134 1298 Benedicant
1161 1274 1263 1306 opera

980 1314 1103 1346 Cuncta
1130 1323 1246 1348 nomen
1272 1313 1418 1354 Domini,

1032 1363 1125 1402 Quod
1153 1368 1202 1395 est
1230 1362 1450 1395 benedictum.

936 1413 1018 1445 Dum
1046 1412 1174 1443 scandit
1201 1411 1244 1443 ad
1271 1412 1402 1443 aethera

985 1460 1115 1492 Summo
1141 1461 1269 1492 iunctus
1296 1459 1419 1492 numini

1033 1509 1164 1549 Mai-tyr
1191 1513 1263 1550 post
1284 1506 1480 1540 conflictum.

877 1569 908 1600 5.
937 1566 1040 1609 Tuba,
1069 1566 1211 1598 chordis.
1240 1575 1362 1606 organo

985 1615 1112 1647 Laudet
1140 1615 1246 1647 omnis
1272 1615 1408 1655 spiritus

1034 1664 1207 1696 Dominum
1236 1663 1378 1701 virtutis,

935 1713 1035 1752 Quem
1062 1713 1094 1744 in
1123 1713 1205 1744 caeli
1231 1712 1359 1746 Libano

986 1761 1097 1793 Cernit
1125 1761 1240 1793 bibens
1267 1761 1417 1801 primitus

1034 1809 1175 1842 Calicem
1203 1810 1329 1844 salutis,

1035 1896 1080 1923 Ad
1103 1895 1293 1923 Benedictus.

867 1946 908 1977 A.
937 1945 1135 1978 Benedictus
1162 1945 1331 1989 Dominus,

985 1993 1118 2026 Plebem
1145 2003 1236 2026 suam
1262 1995 1400 2027 visitans

1037 2043 1100 2075 Per
1125 2043 1245 2075 almum
1278 2047 1453 2084 pastorem,

939 2091 1038 2124 Cuius
1066 2091 1153 2123 vitae
1179 2092 1338 2125 terminus

991 2139 1087 2172 Hunc
1114 2139 1244 2173 beatum
1272 2141 1445 2174 clamitans

1037 2189 1214 2230 Hostisque
1241 2189 1411 2229 victorem,

940 2236 1007 2269 Nos
1033 2238 1077 2270 ad
1105 2237 1225 2270 bonum
1251 2240 1401 2280 protinus

989 2286 1160 2319 Miraculis
1188 2288 1336 2320 excitans

1038 2335 1109 2368 Deo
1140 2335 1197 2368 dat
1222 2336 1390 2371 honorem.

217 2418 303 2444 Biffev
320 2415 462 2444 Tullense
485 2415 557 2452 imp.
573 2414 700 2442 Parisiis
722 2412 776 2447 (Hi
799 2412 879 2447 man)
900 2410 986 2440 1511
1009 2428 1047 2432 -
1073 2412 1126 2441 Ad
1146 2414 1267 2451 Magn.
1290 2414 1315 2443 A
1337 2413 1355 2443 5
1376 2416 1491 2444 Luber-

140 2458 203 2485 «lini
224 2455 407 2489 (Liverdun).
429 2469 467 2474 —-
488 2455 531 2482 Iu
553 2453 579 2482 2.
601 2453 706 2482 Noct.
730 2451 756 2481 A

141 2496 334 2525 Lubeiduno.

800 2451 848 2487 ,5
870 2452 973 2480 Lube1
973 2451 1056 2480 dum

1078 2451 1450 2490 —1n3Noct.‚R1
1472 2453 1491 2484 9
