1650 2727
742 139 983 174 ..87-

432 237 463 271 3.
492 237 530 269 In
556 236 709 269 doctrina
734 237 815 269 satis
840 237 1037 277 studuimus,

491 285 624 318 Omnem
652 294 783 317 carnem
810 286 940 318 mollem
963 286 1237 328 consumpsimus,

491 334 620 366 Mentes
647 337 776 366 nostras
804 335 912 366 cuncti
940 336 1143 367 retraximus

652 381 705 415 Ab
733 391 854 416 errore.

431 472 463 505 4.
491 470 603 503 Omnis
629 480 722 503 error
749 470 843 503 nobis
871 470 1050 511 displicuit,

491 519 660 551 Lascivire
687 519 781 552 nobis
809 528 872 551 non
903 520 1005 558 licuit,

489 567 581 600 Sicut
607 572 699 607 patet
725 571 758 599 et
785 569 868 601 sicut
897 568 1002 609 patuit

651 619 686 650 In
716 617 833 651 colore.

426 706 457 736 5.
488 704 618 736 Tantus
647 704 741 736 labor
767 705 895 745 quaerit
922 705 1123 746 temperiem,

489 753 623 793 Quaerit
650 763 762 794 pacem
791 757 821 786 et
851 754 978 794 quaerit
1006 753 1161 796 requiem,

488 802 667 834 Generabit
695 803 760 835 cito
787 803 963 844 pernitiem

649 852 736 892 Iugis
764 860 879 893 poena.

427 941 458 973 6.
487 940 565 982 Fac,
593 941 678 980 quod
707 941 812 972 solent
839 938 948 972 facere
975 941 1086 981 ceteri,

487 989 694 1022 Gaudeamus
721 992 843 1021 statuto
871 989 985 1031 veteri,

487 1039 555 1070 Nos
582 1037 739 1070 reformet
765 1041 883 1070 eventu
910 1038 1009 1070 celeri

649 1088 717 1120 Pax
744 1096 890 1120 amoena.

427 1175 458 1208 7.
488 1175 691 1208 Postulamus
719 1185 738 1207 a
764 1179 796 1206 te
823 1175 999 1210 licentiam.

485 1224 546 1256 Tui
573 1225 682 1256 cordis
709 1224 969 1257 misericordiam

487 1273 704 1312 Postuminus,
731 1274 824 1315 pacis
851 1274 1022 1306 materiam

646 1323 841 1357 SentiamuS.

422 1413 455 1445 8.
483 1411 677 1444 Consentire
703 1414 867 1443 tacentem
893 1411 1079 1453 credimus,

484 1460 586 1492 Nobis
614 1459 715 1500 faves,
744 1469 954 1502 quaeeunque
981 1461 1132 1501 petimuS,

481 1511 534 1542 Ad
563 1509 667 1542 Deum
696 1514 738 1550 te,
767 1511 842 1551 quia
869 1509 1063 1549 recedimus,

644 1560 928 1593 Commendamus

250 1646 373 1676 collect.
396 1655 448 1674 ms.
465 1648 654 1675 Victorinum
678 1656 755 1675 saec.
781 1646 824 1676 13.
841 1644 883 1683 [et
899 1646 957 1683 144
984 1647 1056 1675 Cod.
1072 1648 1200 1675 Parisin.
1223 1645 1330 1674 11412.
1350 1660 1387 1665 -μ
1404 1646 1430 1676 ῑέ,
1453 1644 1471 1674 2
1487 1656 1530 1682 sq.

171 1686 355 1723 umgestellt.
376 1701 415 1706 ——
440 1688 495 1714 Am
516 1686 653 1716 Schluss:
679 1687 831 1724 „Explicit
853 1687 935 1715 salus
957 1685 1119 1715 Paschaef‘

576 1822 639 1854 104.
682 1822 741 1854 l'ro
763 1821 941 1855 vacatione
963 1821 1122 1854 Paschali.

185 1916 217 1949 1.
245 1914 409 1949 Universa
436 1925 514 1956 gens
542 1916 683 1948 laetetur
895 1917 928 1950 3.
956 1915 1082 1948 Fructu
1109 1915 1188 1956 ligni
1217 1924 1302 1947 mors
1330 1915 1452 1957 oblata,

244 1965 291 1998 Et
316 1964 461 2007 festinet,
489 1970 526 1998 ut
551 1966 728 1997 mundetur
955 1965 1018 1998 Per
1045 1969 1200 2008 parentes
1227 1969 1358 1997 nostros
1385 1964 1473 2003 data,

293 2015 322 2047 A
352 2015 479 2055 peccati
505 2015 641 2056 macula,
1005 2015 1072 2047 Nos
1101 2014 1191 2046 dedit
1218 2014 1387 2053 iniseriam

243 2063 404 2108 Christus,
439 2066 564 2097 cunctis
595 2065 684 2106 aegis
712 2063 817 2108 fortis,
954 2064 1136 2105 Superatur
1161 2073 1258 2101 more,
1287 2067 1319 2095 et
1346 2065 1412 2096 vita

243 2115 368 2148 Factus
395 2123 503 2147 comes
529 2118 661 2147 nostrae
687 2114 786 2147 sortis
953 2113 1059 2154 Ligno
1084 2113 1177 2146 nobis
1205 2117 1254 2145 est
1280 2113 1400 2153 largita

291 2163 354 2196 Est
381 2164 507 2197 carnali
534 2164 664 2204 copula.
1002 2163 1097 2196 Dono
1125 2162 1202 2195 dato
1229 2163 1353 2195 veniae.

181 2254 214 2286 2.
242 2252 358 2285 Novus
386 2253 482 2286 dator
507 2261 611 2286 novae
635 2252 729 2294 legis,
893 2254 925 2286 4.
955 2252 1031 2284 Vita
1058 2251 1155 2284 morti
1183 2251 1380 2289 dominatur,

245 2301 357 2335 Princ(
367 2311 406 2343 ps
432 2302 536 2344 pacis,
564 2306 680 2342 pastor
698 2302 817 2344 gregis,
954 2301 1038 2334 Dum
1066 2310 1130 2333 non
1157 2301 1239 2333 mori
1268 2301 1465 2341 dedignatur

291 2350 356 2384 Pro
383 2351 490 2385 salute
516 2351 631 2393 populi
1002 2352 1040 2384 ln
1068 2350 1173 2383 crucis
1200 2350 1383 2389 ergastulo;

953 2399 1057 2434 Nobis
1085 2400 1203 2432 donum
1231 2399 1395 2439 largitatis

953 2449 1069 2490 Datur,
1097 2449 1187 2481 rivus
1214 2448 1346 2488 pietatis

1002 2499 1085 2532 Toto
1112 2496 1204 2530 fluxit
1231 2498 1372 2533 saeculo.

242 2425 804 2436 ----------

303 2524 803 2535 ·········
