1650 2727
706 146 950 182 *93-

394 240 549 278 Magister.
930 244 1046 278 Coram
1072 244 1166 277 vobis
1188 244 1327 278 firmiter

161 299 196 332 4.
223 299 320 333 Hanc
345 309 477 333 causam
502 300 673 340 ingredior
977 292 1110 347 Terra&
1137 295 1220 326 Vites
1247 295 1330 333 c010,

270 348 365 382 Solus
391 358 451 381 nec
477 350 655 390 consultus,
928 342 1111 382 Temptatls
1139 352 1189 375 me
1215 344 1360 383 graviter

221 398 357 438 Absque
383 398 482 438 culpa
506 398 616 437 patior
978 389 1145 431 depellere
1172 391 1307 424 crimine
1333 393 1414 427 solo,

270 446 412 479 Istorum
440 446 592 490 assultus,

218 495 298 529 Cum
326 496 370 528 sit
397 504 494 528 causa
519 495 647 535 melior,
1111 496 1240 524 Fratres.

267 543 342 576 Huc
367 544 488 577 adhibe
515 544 635 583 vultus,

217 592 268 625 Ne
294 592 353 625 fiat
379 592 524 626 deterior

267 651 305 674 ac
332 642 444 674 insons
468 651 509 674 ne
536 641 578 673 sit
605 641 739 675 inultus.

869 565 899 600 7.
926 565 1026 604 Audi,
1046 565 1158 606 iudex,
1187 567 1271 598 hunc
1298 567 1497 607 loquentem,

925 613 1026 647 Falsa
1052 615 1137 647 veris
1164 615 1373 655 inserentem,

976 661 1067 695 Sicut
1093 664 1154 694 scit
1182 663 1385 697 fraternitas.

399 738 530 766 Fratres.

155 800 188 833 5.
216 798 310 831 Istud
322 797 786 840 fratresprimoproponimu8‚
1095 769 1251 806 Magffiter.

216 848 296 880 Cum
309 849 641 889 magistronunquam
653 849 818 888 potuimus
925 835 996 867 Hoc
1023 843 1083 875 per
1109 839 1209 867 ‘emes
1236 839 1334 890 atque·
1360 845 1420 876 per
1447 845 1498 868 ¹¹¹0

218 897 517 937 Computare‚dum
530 896 789 930 domusfecimus
926 883 1166 939 comprobabffi
1195 885 1281 925 qu⁰d
1305 890 1349 940 ,ΞΠ
1379 884 1482 917 ferme

291 947 508 979 Provisooem·
975 931 1107 964 Cunctis
1134 938 1211 966 nota
1238 932 1376 968 falsu-as.

217 995 360 1029 Nostrae
374 996 488 1027 domus
500 998 680 1036 proventus
691 995 821 1039 deterit,

216 1043 283 1082 Lis,
295 1053 470 1085 gravamen
479 1053 514 1076 se
521 1044 584 1076 iam
594 1044 788 1084 ostenderit,
1108 1039 1237 1067 Fratres.

216 1093 321 1125 Nobis
348 1092 419 1126 fore
447 1093 528 1125 dicit
554 1096 587 1125 et
612 1094 732 1126 asserit
864 1104 896 1139 3·
926 1104 1031 1137 Causa
1058 1103 1169 1136 subest
1196 1104 1261 1136 3153

289 1142 330 1174 Se
356 1142 510 1183 Priorem.
971 1152 1114 1185 Gravior
1140 1154 1261 1196 priore,

327 1204 332 1206 ’
461 1241 467 1246 ‚
922 1203 1091 1242 Pauperes
1117 1202 1249 1235 miseria

386 1239 541 1276 Mag1ster.
974 1252 1108 1285 pressos
1136 1261 1174 1283 ac
1201 1253 1355 1293 languore

154 1301 186 1333 6.
214 1299 267 1331 Ad
295 1298 423 1331 obiecta
449 1299 594 1332 breviter
924 1300 987 1333 Hic
1014 1301 1151 1343 spernit⁷
1179 1301 1290 1333 inedia

264 1347 480 1389 Respondete
509 1349 599 1382 volo:
972 1349 1098 1390 Dignus
1125 1351 1285 1390 graviore,

215 1397 409 1437 Computavi
437 1398 566 1430 noviter
923 1399 983 1438 Qui
1012 1399 1133 1431 Christi
1163 1400 1336 1431 clementia

262 1446 398 1487 Absque
425 1448 534 1479 cordis
563 1447 648 1489 dolo,
971 1456 1033 1480 non
1062 1452 1111 1479 est
1139 1453 1243 1480 motus
1271 1459 1330 1480 nec
1357 1457 1478 1483 amore.

217 1533 343 1561 collect„
366 1543 421 1561 ms.
444 1535 635 1562 Victorinum
657 1543 734 1562 saec.
761 1532 804 1562 13.
826 1533 869 1571 [et
892 1533 949 1572 14.]
983 1535 1053 1562 Cod.
1078 1536 1205 1563 Parisin.
1232 1534 1338 1563 11412.
1365 1552 1402 1555 —
1429 1535 1454 1568 1,
1475 1535 1494 1564 4

137 1573 210 1601 Lies
232 1573 257 1601 O
279 1572 411 1601 decane?
441 1574 513 1601 oder
534 1575 574 1601 ist
595 1575 630 1602 R.
651 1574 700 1602 die
719 1574 907 1612 Abkl'irzung
928 1575 974 1603 ffir
995 1575 1190 1602 Reverende?
1214 1590 1246 1593 —
1271 1574 1297 1607 3,
1328 1573 1343 1601 7
1366 1585 1411 1612 sq.
1433 1575 1494 1612 vgl.

136 1613 189 1641 Nr.
215 1610 279 1647 1οῗ,
303 1614 362 1640 δὴ.
388 1611 433 1646 16,
458 1612 474 1640 7
497 1622 539 1649 sq.
562 1629 601 1632 —
621 1612 648 1646 4,
671 1612 689 1640 6
705 1615 774 1642 Huc
795 1614 924 1643 adhibeo
948 1614 1068 1642 multus,
1094 1629 1127 1633 —
1151 1613 1178 1649 6,
1202 1613 1217 1642 7
1239 1615 1291 1642 der
1313 1615 1495 1644 Hexameter

136 1654 214 1680 setzt
235 1656 296 1680 erst
318 1654 371 1679 mit
397 1652 430 1685 6,
458 1650 476 1680 8
499 1654 556 1681 ein.
580 1669 617 1674 —
639 1651 671 1686 8,
703 1652 721 1681 3
743 1653 886 1690 Paupere.
910 1669 945 1673 —
969 1653 1000 1687 8,
1029 1652 1048 1681 4
1070 1663 1087 1681 a
1108 1654 1262 1690 languore.
1286 1669 1322 1673 —
1343 1652 1370 1688 8,
1395 1654 1411 1682 7
1433 1655 1493 1691 vgl.

136 1691 168 1725 6,
200 1689 226 1718 7.
249 1707 286 1712 —
308 1692 398 1720 Naeh'
417 1692 477 1719 Str.
504 1692 522 1720 8
549 1692 625 1730 folgt
651 1693 744 1721 noch:
774 1693 875 1722 Humo
903 1703 958 1722 nos
980 1693 1132 1729 depellitis
1155 1694 1277 1722 Pressos
1302 1698 1494 1730 paupertate:

137 1731 191 1759 das
213 1732 345 1759 VVeitere
370 1731 452 1760 fehlt.

586 1857 653 1890 109.
695 1857 848 1890 Planctus
870 1857 1044 1900 vagorum.

150 1961 180 1994 1.
209 1959 282 1993 Hac
306 1961 341 1992 in
368 1965 458 1993 terra
921 1959 1015 1992 Licet
1039 1961 1121 1993 viles
1148 1961 1214 1993 sint
1241 1960 1272 1992 hi
1300 1970 1417 2001 mores,

259 2013 438 2043 cernuntur
463 2008 621 2047 nefanda,
920 2010 1114 2043 Saltatriees

208 2058 381 2092 Latinistis
969 2063 1000 2091 et
1027 2059 1237 2099 fistulatores,

258 2110 463 2150 denegantur
488 2107 609 2150 danda,
917 2109 986 2142 Hos
1013 2109 1265 2151 respiciunt

207 2157 322 2190 Litera
347 2157 384 2190 fit
412 2157 618 2202 detestanda,
966 2157 1095 2192 Uxores
1122 2163 1155 2190 et
1180 2169 1297 2192 mares,

208 2206 281 2240 Non
310 2211 439 2240 constat
464 2208 550 2240 ratio
577 2207 711 2250 blanda,
918 2208 1013 2240 Hanc
1038 2209 1192 2249 noscatis,

208 2256 278 2288 Iam
306 2257 569 2298 despiciunt
969 2258 1103 2302 domini,
1131 2258 1308 2299 querelam,

259 2306 404 2338 Praelati
430 2306 610 2348 scholares,
919 2307 1137 2348 vilipendunt

206 2354 327 2388 Omnes
354 2358 460 2388 atten-
968 2356 1113 2389 nobilem
1141 2357 1313 2398 loquelam,

258 2405 339 2437 dunt
366 2405 588 2447 vigellatoreS,
918 2405 988 2438 Iam
1016 2405 1242 2439 deficiunt

209 2453 301 2486 Nihil
328 2457 445 2487 curant
966 2455 1066 2489 Radii
1092 2456 1230 2490 solares.

258 2502 378 2536 latinos
405 2507 568 2546 cantores,
