1650 2727
688 142 954 179 —147—

127 223 130 226 ⁴
170 235 217 268 20
227 244 257 269 a.
285 235 334 268 Te
359 237 585 271 collaudantes
611 240 723 280 aspice
851 242 898 275 20
909 241 940 275 b.
968 241 1057 282 Quae
1085 242 1254 284 dignitatis
1281 247 1375 286 apice

334 285 414 327 Nos,
442 286 542 319 decus
568 288 770 328 angelorum,
1016 291 1122 324 Tenes
1148 301 1257 326 arcem
1283 296 1457 330 caelorum.

170 381 212 414 21
227 390 256 415 a.
284 382 359 425 Eia,
387 383 489 416 solari
515 383 600 417 facie
853 387 895 421 21
911 387 941 422 b.
971 387 1128 420 Caelestis
1157 390 1230 422 aula
1255 393 1389 432 gratiae,

283 430 469 473 splendens
497 434 578 466 caeli
606 435 731 476 regina,
1017 436 1119 468 Serva
1146 447 1204 470 nos
1232 448 1251 470 a
1277 441 1379 473 ruina.

167 528 212 561 22
223 537 254 564 a.
283 528 332 561 Tu
361 538 418 562 vas
446 530 614 569 virtutum,
851 532 894 565 22
907 532 938 568 b.
967 532 1015 565 Tu
1044 532 1147 565 forma
1174 535 1264 575 legis,

280 577 385 610 Nobis
413 582 516 610 tutum
967 581 1076 614 Mater
1104 584 1200 623 regis,

278 626 362 659 Esto
389 632 516 659 scutum
965 630 1104 663 Ductrix
1131 632 1248 674 gregis,

329 676 482 709 Muniens
1016 681 1140 713 Uniens

378 725 432 758 Ab
459 726 510 758 ira
536 725 598 758 Dei
625 728 753 768 magni:
1063 728 1172 761 Morte
1204 731 1366 763 redemtos
1401 735 1488 773 agni,

166 823 250 858 233.
279 823 326 856 Te
355 824 464 856 cordis
492 825 601 857 studio
849 827 894 859 23
907 825 937 860 b.
970 826 1065 858 Vocif0
1092 827 1238 867 tripudio

326 873 452 925 Exorat
479 874 616 912 animus,
1016 875 1121 907 Melos
1149 877 1208 908 liorv
1235 877 1390 915 canimus,

165 970 252 1007 243.
278 971 325 1006 Ut
351 980 410 1004 nos
437 972 602 1004 conducas
848 975 893 1006 24
904 973 935 1007 b.
965 974 1025 1014 Qui
1054 979 1167 1014 regnat
1195 979 1299 1006 tecum

277 1021 323 1054 Et
349 1021 496 1053 adducas
964 1024 1007 1055 Et
1035 1027 1068 1055 tu
1095 1031 1203 1054 secum

325 1069 406 1111 Regi
434 1070 584 1109 Domino,
1013 1071 1090 1104 Sine
1118 1073 1264 1106 termino.

161 1169 206 1202 25
217 1177 248 1201 a.
276 1168 337 1208 Qui
363 1178 397 1200 se
426 1168 517 1201 dedit
545 1169 577 1201 in
605 1170 747 1209 pretium
845 1173 888 1204 25
901 1169 932 1204 b.
962 1170 1027 1202 Det
1045 1179 1172 1210 quoque
1193 1180 1251 1209 per
1264 1176 1294 1203 te
1307 1173 1488 1212 praemium

324 1217 466 1250 Nostrae
493 1218 740 1258 redemptionis,
1010 1219 1305 1258 Remunerationis,

163 1317 208 1350 26
219 1325 248 1350 a.
278 1315 322 1350 Ut
350 1318 592 1357 congaudentes
843 1320 887 1352 26
900 1317 929 1352 b.
961 1318 1090 1350 Laudes
1117 1327 1298 1359 pangamus

273 1366 316 1399 Et
341 1366 539 1406 plaudentes
959 1368 1002 1399 Et
1031 1376 1183 1399 canamus

322 1416 446 1456 lugiter
1010 1416 1159 1448 Dulciter

371 1465 439 1497 Nos
466 1465 583 1497 unitati
609 1466 716 1498 trinae
1059 1466 1224 1505 Regnanti
1250 1467 1319 1498 sine
1346 1466 1420 1499 tine.

157 1564 201 1597 27
213 1572 244 1596 a.
271 1563 321 1596 Sit
348 1563 421 1596 finis
447 1564 543 1596 huius
571 1564 724 1597 carminis
840 1566 883 1598 27
896 1563 929 1597 b.
953 1566 1041 1605 Quae
1053 1564 1286 1597 di(·itu1·Laus
1303 1565 1486 1605 virginis,

319 1613 362 1645 Et
387 1614 495 1645 cantio
522 1612 626 1653 finita,
1032 1614 1162 1646 Christo
1190 1615 1259 1646 laus
1286 1615 1425 1646 infinita.

200 1700 364 1728 Cantiones
379 1701 453 1728 Piae
477 1698 551 1728 1582
573 1701 623 1729 fol.
643 1702 670 1729 D
695 1700 744 1729 la.
759 1701 945 1737 (Klernming
960 1702 998 1736 11,
1021 1700 1059 1728 33
1082 1701 1107 1728 ff.
1132 1702 1177 1728 als
1203 1703 1247 1736 „1⁷1
1257 1712 1277 1737 y
1288 1701 1434 1734 innt1s“.j
1448 1718 1486 1722 —

121 1738 184 1766 Das
212 1739 289 1767 Lied
321 1741 362 1767 ist
393 1741 661 1777 augeuscheinlich
695 1741 806 1769 wieder
838 1741 887 1769 ein
916 1741 970 1768 auf
994 1740 1131 1768 Christus
1159 1742 1357 1777 ungeschickt
1385 1751 1486 1779 genug

121 1779 332 1815 umgekehrtes
366 1781 555 1808 Marienlied.
613 1781 699 1809 Denn
735 1782 790 1809 wie
827 1780 908 1808 kann
945 1782 993 1809 ein
1030 1781 1235 1817 vernfinftiger
1267 1783 1390 1809 Mensch
1425 1791 1485 1810 von

120 1817 259 1847 Christus
281 1827 390 1856 sagea:
415 1819 505 1848 Porta
531 1821 635 1848 clausa
658 1829 711 1849 nec
733 1821 852 1857 pervia!
888 1819 947 1849 Cfr.
964 1822 1015 1853 tia,
1043 1819 1065 1847 l.
1088 1836 1124 1840 ——
1151 1820 1201 1851 lh,
1227 1819 1353 1848 lNatus
1368 1831 1483 1857 carens,

119 1857 178 1886 den
191 1859 279 1887 Reim
294 1859 479 1893 zerstbrend;
502 1861 562 1896 vgi.
586 1859 638 1893 lb,
660 1858 687 1888 3.
706 1875 742 1879 —
757 1858 810 1892 3³,
835 1859 848 1887 1
866 1860 1121 1888 praedestinatus.
1140 1875 1174 1878 —
1191 1859 1209 1888 3
1219 1860 1246 1892 b,
1265 1859 1277 1887 1
1295 1863 1433 1889 sanctus.
1446 1878 1485 1882 -—

119 1895 173 1931 31),
190 1897 209 1927 2
221 1901 314 1927 ortus.
330 1913 367 1918 —
382 1898 433 1932 4a,
452 1897 465 1926 1
483 1901 706 1936 praecognitus.
724 1915 759 1918 —q
775 1899 828 1932 4b,
848 1898 861 1927 1
878 1900 954 1935 Qui;
970 1900 1133 1936 praeditus.
1151 1915 1185 1918 —
1204 1898 1259 1932 fib,
1274 1899 1286 1927 1
1305 1901 1429 1937 Sophia.
1445 1917 1483 1920 —

119 1936 172 1972 ἵει,
195 1937 313 1967 2Hora
335 1939 433 1967 nobis.
455 1954 490 1958 —-
517 1938 588 1972 lob,
612 1938 630 1967 5
652 1948 751 1977 regem
772 1943 856 1967 tuum
879 1943 994 1976 patrem
1015 1938 1140 1975 (patrem
1158 1942 1243 1967 rninit
1262 1942 1315 1967 mit
1329 1940 1427 1973 filia!).
1444 1957 1483 1961 —

122 1976 191 2012 lla,
215 1977 227 2006 1
251 1979 407 2007 virtutum.
429 1994 467 1998 —
491 1977 525 2007 17
535 1988 560 2013 a,
589 1979 600 2007 1
619 1980 644 2007 Ο
666 1982 736 2007 nate
752 1980 876 2012 Mariae,
899 1988 995 2016 gegen
1017 1979 1072 2006 den
1089 1981 1183 2007 lteim.
1208 1993 1245 1997 —
1275 1979 1340 2013 lexa,
1367 1979 1378 2007 1
1397 1980 1482 2008 Patri

117 2018 303 2047 commenda.
327 2034 365 2038 —
387 2016 460 2052 20b,
486 2019 498 2047 1
523 2019 581 2054 Qui
604 2019 771 2056 dignitatis.
795 2035 832 2040 ⁴—
854 2018 939 2047 Nach
962 2020 1020 2047 Str.
1044 2017 1082 2046 20
1103 2019 1201 2055 t'olgen
1226 2022 1297 2047 zwei
1323 2019 1482 2057 Strophen,

117 2057 167 2087 die
186 2058 267 2087 wohl
291 2067 345 2087 aus
368 2060 465 2087 einem
488 2059 602 2087 andern
616 2060 711 2088 Liede
727 2062 920 2087 entnommen
935 2059 1013 2090 sind.
1035 2058 1073 2085 da
1089 2059 1133 2086 sie
1150 2060 1203 2087 mit
1218 2060 1283 2087 dern
1300 2059 1480 2087 Gvdanken-

115 2105 215 2136 gange
235 2098 334 2127 dieses
358 2098 656 2128 Weihnachtsliedes
677 2107 732 2137 gar
754 2099 866 2127 keinen
888 2098 1152 2135 Zusammenhang
1174 2099 1287 2127 haben:

194 2159 221 2188 O
242 2158 340 2187 dutcis
360 2159 456 2192 Iesus,
907 2158 967 2192 Qui
989 2159 1042 2185 iux
1064 2158 1100 2186 de
1122 2158 1188 2186 lnce

194 2199 298 2234 Spinis
318 2198 431 2230 laesus,
908 2197 996 2224 Victo
1018 2197 1093 2225 duce

192 2238 312 2275 Flagris
333 2246 441 2266 caesus
906 2237 1044 2265 Pendens
1067 2246 1154 2265 cruce

233 2277 368 2314 Asperis,
947 2276 1078 2304 Sceleris

193 2316 278 2345 Velia
299 2315 439 2354 placatus
460 2317 533 2350 fore,
906 2315 1034 2344 Indutus
1056 2326 1087 2344 es
1111 2315 1279 2351 splendore.

191 2375 307 2405 Inferni
329 2378 433 2412 portas
454 2384 565 2413 urgens
907 2371 983 2403 Post
1003 2375 1135 2403 triduum
1156 2382 1314 2410 resurgens

231 2415 306 2444 Inde
327 2417 396 2443 tuos
417 2414 533 2443 duxisti
945 2414 1053 2442 Mundi
1075 2416 1172 2442 victor
1193 2415 1286 2441 fuisti.

112 2473 188 2510 21a,
210 2472 229 2504 2
250 2477 322 2503 nate
342 2475 458 2511 regina.
479 2487 519 2493 —
539 2471 615 2508 221),
637 2471 657 2501 2
671 2473 732 2501 Fili
753 2472 843 2510 regis.
859 2487 897 2492 —
912 2470 951 2500 22
961 2473 987 2506 b,
1009 2470 1028 2500 3
1043 2474 1092 2501 Sis
1113 2472 1173 2500 dux
1187 2474 1296 2509 gregis.
1312 2488 1351 2492 —
1366 2471 1438 2507 24a,
1459 2471 1478 2501 3

110 2515 197 2546 Patri
211 2515 356 2544 Domino.
377 2529 416 2534 —
436 2511 475 2542 25
484 2522 512 2548 a,
537 2511 552 2541 1
568 2513 629 2548 Qui
649 2515 679 2541 te
701 2511 812 2541 dedisti
835 2513 973 2549 pretium.
995 2527 1034 2532 —
1056 2510 1094 2540 25
1102 2513 1130 2545 b,
1155 2510 1168 2540 1
1185 2513 1234 2540 Da
1254 2521 1374 2549 quoque
1392 2512 1424 2541 in
1438 2515 1477 2541 te.

1238 2559 1300 2590 10*
