1650 2727
657 145 923 182 ——152—

160 251 194 282 4.
223 246 376 280 Amatrix
404 246 508 279 crucis
538 245 670 278 Domini

222 296 287 329 Det
314 295 460 328 crucifixi
487 294 608 327 nomini

271 345 416 378 Gloriam
453 348 598 376 tractans
625 351 764 383 crucem,

225 394 321 426 Hanc
346 397 437 425 tenet
466 402 564 425 manu
593 393 728 424 dextera

223 443 270 477 Ut
297 443 493 475 benedicant
519 449 630 483 opera,

270 493 336 525 Per
349 500 444 532 quem
459 491 575 522 transit
592 490 632 522 ad
648 490 765 522 lucem.

192 655 198 661 .
224 628 380 661 Laudans
408 626 565 658 factorem
593 625 734 657 omnium

222 677 335 709 Monet
362 676 488 707 turbam
517 674 660 706 fidelium

272 726 369 758 Hunc
395 725 497 756 solum
530 720 710 766 [adorare]‚

223 775 324 814 Quem
353 772 510 813 cymbalis
538 771 743 812 pulsantibus

224 823 267 855 Et
295 822 460 863 tympanis
487 819 678 852 sonantibus

273 871 347 903 Non
374 874 479 901 cessat
506 877 694 908 personare.

315 1024 359 1051 Ad
383 1022 570 1050 Benedictus.

193 1147 199 1154 .
229 1123 254 1155 Ο
280 1124 335 1154 lux
365 1122 476 1153 lucens
504 1119 672 1157 ecelesiae,

224 1171 369 1212 Virginis
397 1175 462 1202 tam
490 1168 657 1210 egregiae!

273 1222 371 1252 Amat
401 1219 501 1250 Lucia
530 1226 703 1258 pauperes,

272 1268 403 1310 Spernit
431 1267 542 1298 mundi
571 1266 747 1305 degeneres

321 1316 417 1349 Mens
444 1317 530 1347 intus
559 1315 672 1350 ditata,

223 1366 324 1399 Cuius
352 1365 385 1395 in
413 1365 557 1396 claustro
583 1363 722 1394 lectulus

225 1413 450 1454 Pauperculus
476 1416 507 1443 et
534 1412 685 1453 nudulus,

273 1461 439 1494 crucifixo
467 1460 686 1500 coniungitur,

274 1510 404 1543 Christo
431 1519 527 1552 passo
555 1509 748 1545 conectitur,

323 1559 419 1591 Cruci
448 1557 670 1598 conformata3

227 1609 305 1640 Post
331 1606 404 1639 finis
431 1607 480 1639 sui
507 1606 679 1637 terminum

228 1657 329 1697 Virgo
357 1665 426 1687 cum
454 1654 551 1686 turba
578 1655 738 1694 virginum

277 1705 411 1737 Scandit
440 1704 481 1736 ad
509 1704 616 1735 caelos
636 1702 772 1744 fulgida,

958 244 1006 276 In
1042 246 1074 277 2.
1109 241 1334 282 vesperis.

1021 302 1064 329 Ad
1088 298 1273 337 Magnificat.

856 362 897 395 A.
925 361 1053 400 Gaude,
1080 360 1176 400 plebs
1200 358 1359 399 fidelium,

976 409 1108 446 Plaude,
1120 412 1297 440 conventus
1307 406 1469 447 ordinum,

974 459 1087 498 Lucia,
1115 458 1240 490 candor
1266 456 1439 498 virginum,

1023 507 1125 538 Tuum
1154 505 1251 538 lauda
1280 504 1448 547 factorem,

975 555 1049 587 Tibi
1078 555 1198 586 dantur
1223 553 1357 586 monilia

976 604 1120 636 Gemmis
1147 603 1336 644 effulgentia

1024 652 1190 686 Dantibus
1217 651 1438 691 splendorem.

929 703 954 736 Ο
983 702 1049 734 vita
1077 701 1277 739 caelestium,

975 751 1064 790 Quae
1100 750 1253 790 lampade
1280 758 1344 781 non
1372 758 1474 781 vacua

979 799 1077 830 Venit
1103 803 1138 829 ut
1166 799 1257 838 virgo
1285 796 1375 830 fatua

1026 847 1139 879 Oleum
1167 856 1230 879 non
1259 845 1380 888 ferens,

979 895 1043 926 Sed
1073 895 1230 935 evigilans
1256 894 1374 935 aperit,

976 943 1136 984 Sponsum
1165 943 1261 983 digne
1289 943 1446 983 repperit,

1016 991 1187 1023 Hunetoto
1195 992 1294 1022 corde
1302 1000 1473 1032 quaerens,

1015 1069 1084 1096 Alia
1104 1067 1287 1104 Antiphona.

928 1120 954 1152 O
983 1119 1065 1153 lesu,
1092 1117 1151 1149 lux
1179 1118 1356 1158 signorum,

976 1167 1063 1198 Fons
1091 1166 1247 1198 luminum
1275 1171 1305 1198 et
1333 1166 1433 1199 stella

1026 1215 1133 1255 Signis
1160 1215 1303 1254 radiosa,

929 1265 1146 1297 Dulcissimus
1172 1264 1231 1296 flos
1258 1263 1374 1296 florum

978 1314 1090 1345 Manat
1117 1322 1156 1344 ex
1185 1319 1241 1345 tua
1268 1313 1361 1354 cella,

1027 1363 1126 1401 Virgo
1153 1361 1313 1402 speciosa.

930 1411 980 1443 Ex
1010 1412 1093 1442 rosis
1120 1410 1205 1442 hunc
1233 1411 1413 1453 hortorum,

979 1459 1078 1491 Lucia
1106 1459 1257 1501 nobi(li)s
1284 1459 1371 1491 bella

1030 1508 1151 1540 Radiat
1178 1515 1211 1540 ut
1242 1518 1328 1541 rosa.

929 1557 1101 1591 Balsamus
1130 1562 1377 1599 unguentorum,

979 1606 1057 1641 Tus,
1085 1606 1203 1638 cedrus
1231 1612 1263 1637 et
1289 1605 1416 1639 fiscella

1030 1655 1102 1686 Non
1129 1654 1177 1687 sie
1203 1655 1360 1698 pretiosa,

932 1703 1021 1736 Sicut
1048 1708 1096 1735 est
1123 1704 1171 1735 vis
1197 1704 1344 1746 odorum,

277 1753 436 1794 Splendet
463 1756 495 1783 ut
524 1752 632 1783 lumen
651 1751 772 1789 lucida,

326 1801 467 1834 Pulchre
494 1801 654 1834 laureata.

981 1753 1050 1792 Quo
1078 1753 1183 1792 replet
1210 1762 1268 1785 nos
1296 1753 1406 1794 puella

1030 1801 1138 1842 Signis
1165 1801 1320 1842 gratiosa.

206 1889 290 1916 Offic.
312 1897 365 1916 ms,
389 1888 417 1916 S.
437 1888 552 1915 Mariae
568 1888 766 1923 Magdalenae
781 1888 992 1916 Salemitanae
1015 1897 1092 1917 saec.
1115 1889 1218 1917 incert.
1243 1898 1266 1917 s.
1288 1899 1317 1917 n.
1362 1891 1480 1918 Dar-aus

129 1930 178 1957 bei
201 1929 372 1959 caietanus,
393 1928 546 1958 Octaviusv
570 1927 658 1954 Vitae
674 1928 852 1955 Sanctorum
868 1928 1046 1959 Siculorum,
1070 1929 1212 1957 Panormi
1239 1927 1323 1963 1657,
1340 1929 1425 1957 Tom.
1440 1929 1479 1958 Π.

125 1968 349 1996 Animadverss.
371 1976 398 2002 p.
421 1965 458 1994 70
480 1976 544 2003 sqq.
566 1981 603 1985 -—
619 1967 658 1993 In
683 1966 706 1993 1⁴
730 1967 837 2003 Vesp.
854 1966 879 1995 A
903 1966 928 1999 1,
950 1966 968 1995 5
990 1967 1058 1994 luci.
1082 1982 1118 1987 —
1133 1968 1159 1996 A
1185 1967 1212 2001 2,
1235 1966 1254 1995 3
1270 1969 1328 1997 Per
1343 1968 1480 1997 multum.

127 2022 164 2026 —
187 2008 212 2036 A
233 2005 260 2041 3,
282 2006 301 2033 4
322 2006 462 2033 studium.
485 2020 521 2024 —
544 2005 569 2034 A
591 2004 617 2037 ὃ,
640 2004 658 2032 3
679 2005 801 2042 produc.
823 2021 861 2027 -—
882 2006 927 2033 Ad
942 2006 1044 2042 Magn.
1061 2005 1098 2038 Α,
1122 2006 1160 2034 14
1175 2008 1296 2036 Christo
1318 2008 1484 2037 dedicatas.

127 2062 165 2067 -—
187 2047 228 2074 In
249 2044 276 2073 3.
293 2047 395 2073 Noct.
412 2043 440 2072 R
461 2042 488 2078 3,
511 2043 529 2071 9
550 2046 584 2072 In
607 2048 634 2070 te
657 2045 839 2073 meritorum.
861 2059 898 2064 —
914 2044 941 2072 A
963 2044 989 2077 5,
1011 2044 1029 2072 3
1051 2045 1155 2073 solem.
1178 2062 1215 2067 —-
1230 2047 1386 2076 vanen:
1410 2048 1484 2076 Ex-

127 2086 318 2113 sultemus
347 2087 382 2111 et
410 2084 595 2111 laetemur
616 2084 661 2110 Ad
683 2084 773 2120 Vesp.
797 2088 827 2113 et
847 2085 932 2112 Noct.
957 2084 1017 2111 und
1038 2084 1176 2113 Summi
1205 2077 1312 2123 reg‘is
1335 2087 1483 2124 palatio

127 2125 177 2158 (ad
198 2124 336 2157 Laudes).
379 2124 441 2151 Das
462 2123 602 2150 Officium
624 2123 699 2158 folgt
720 2122 787 2150 dem
808 2124 860 2152 des
881 2124 922 2151 hl.
944 2121 1126 2152 Franciseus
1148 2134 1172 2152 s.
1194 2127 1301 2153 Assisi.

465 2238 514 2268 60.
555 2238 597 2268 De
620 2246 644 2268 s.
670 2236 767 2269 Lucia
790 2237 828 2269 de
850 2236 952 2269 Monte
974 2236 1133 2277 Virgini&

933 2338 1032 2378 Virgo
1059 2339 1230 2372 beatorum

980 2388 1096 2420 merito
1123 2389 1270 2428 perrexit
1296 2390 1330 2422 in
1357 2400 1480 2434 arcem,

930 2436 1000 2476 Qua
1027 2436 1139 2469 divina
1165 2438 1281 2470 videns

981 2485 1170 2518 diademata
1197 2486 1399 2528 virginitatis

257 2341 304 2373 In
344 2340 374 2373 1.
414 2338 634 2379 Vesper-is.

155 2442 192 2474 ll.
223 2440 413 2472 Extremum
443 2446 602 2479 peragens

272 2488 353 2522 felix
381 2487 481 2520 Lucia
508 2487 652 2519 laborem
