1650 2727
703 127 969 163 —121—

197 224 231 257 3.
258 223 352 257 Haeo
377 226 428 257 est
451 227 558 258 mater
576 227 652 259 Iesu
672 225 807 268 Christi,
868 228 902 260 4.
928 225 1022 258 Haec
1047 229 1095 258 est
1123 225 1222 258 rubus
1245 225 1472 268 inflammatus,

258 272 358 306 Suum
383 282 499 306 munus
524 274 666 315 adipisci
928 275 994 308 Per
1019 283 1114 315 quern
1140 274 1166 305 it
1192 275 1408 308 discalceatus

310 323 408 356 Venit
435 319 544 366 [haec]
573 323 732 365 speciosa,
978 323 1110 363 Moyses
1139 323 1270 366 electus,

258 371 360 411 Quam
387 370 524 404 assumit
550 372 739 413 angelorum
928 371 1026 404 Hunc
1038 372 1070 404 in
1078 370 1221 404 flammat
1229 381 1347 404 numen
1355 375 1515 411 sanctum,

259 420 390 460 Rector,
419 421 524 452 tector
550 421 757 462 miserorum,
929 420 973 452 Et
1000 420 1182 452 conclamat
1210 429 1283 452 eum
1309 424 1434 453 tantum

309 468 420 502 Turba
445 477 517 501 cum
544 469 695 503 iubilosa.
980 469 1125 501 Crimine
1152 469 1310 502 detectus.

555 577 590 608 5.
615 576 709 609 Haec
736 574 779 607 ad
804 575 909 607 Deum
935 576 1004 607 vult
1031 584 1152 615 meare,

614 623 676 663 Qui
704 632 774 656 eam
802 624 873 656 vult
900 633 1057 656 coronare

665 670 811 717 [Honore
838 676 871 704 et
895 670 1014 716 gloria]

614 722 687 762 Qua
713 722 903 762 praecincta
929 720 1033 764 fulget,
1058 722 1154 755 iustis

615 770 741 804 Lumen
769 771 930 812 praesidis
956 770 1094 813 adustiS,

667 820 728 860 Qui
756 821 875 862 degent
902 821 1037 853 iustitia.

535 925 591 960 R⁰
618 927 707 968 Ergo
734 937 794 968 pro
820 927 915 960 nobis
942 937 999 960 ora

618 976 824 1009 Venerabilis

618 1025 661 1059 Et
687 1025 838 1058 amabilis

618 1074 783 1108 Christum
810 1075 902 1114 virgo
930 1074 1049 1108 Maria.

241 1182 327 1211 Cant.
359 1191 414 1210 ms.
444 1182 597 1219 Pragense
628 1182 813 1215 (XVenceslai
845 1181 882 1209 de
910 1181 1094 1217 WyskytnaJ
1125 1183 1194 1209 anni
1232 1179 1314 1209 1512.
1344 1181 1414 1209 C‹.›d.
1442 1180 1522 1208 Mus.

161 1221 282 1251 Bohem.
305 1222 381 1250 XIII
402 1223 426 1250 A
448 1220 475 1250 2.
503 1237 541 1240 —
575 1220 607 1255 l,
633 1220 651 1249 5
673 1232 715 1259 sq.
740 1220 996 1249 unversffindlieh.
1022 1236 1057 1240 ——-
1082 1220 1107 1254 1,
1129 1219 1146 1248 6
1169 1222 1224 1248 sub
1248 1221 1369 1248 honore.
1395 1236 1429 1239 —
1453 1218 1479 1253 2,
1502 1216 1520 1247 2

162 1263 284 1290 intacto.
308 1277 345 1281 —
367 1260 394 1295 4,
417 1259 435 1289 6
457 1261 585 1290 Crimen.
610 1276 647 1280 —-
668 1259 694 1295 5,
717 1258 735 1288 3
757 1262 889 1289 Iustitia.
912 1275 944 1280 —
967 1259 994 1295 5,
1016 1259 1034 1288 6
1056 1262 1199 1288 iustitiae.
1224 1277 1259 1280 κ
1282 1260 1308 1289 5,
1333 1259 1350 1287 4
1373 1261 1461 1294 Quia.

594 1416 657 1448 149.
700 1416 734 1447 ln
755 1415 980 1456 Assumptione
1003 1414 1093 1447 BMV.

200 1520 234 1553 1.
260 1518 443 1552 Praelustri
468 1518 634 1551 elucentia
911 1519 944 1550 3.
971 1516 1090 1558 Maria,
1118 1516 1179 1548 fios
1205 1516 1388 1549 munditiae

307 1568 417 1601 Titani
444 1567 623 1607 redimitis,
1021 1566 1066 1598 Et
1093 1566 1254 1598 castitatis
1282 1575 1397 1598 norma

259 1617 427 1651 Virtutum
455 1618 503 1650 sic
531 1616 711 1658 fragrantia
973 1615 1196 1656 Fugatrixque
1223 1615 1380 1652 malitiae,

311 1665 475 1700 Duleiflue
500 1665 640 1702 fulciris,
1022 1665 1073 1697 Tu
1101 1665 1234 1697 deitatis
1261 1663 1380 1698 forma.

202 1777 235 1810 2.
262 1775 369 1816 Super
395 1775 512 1808 choros
540 1775 730 1815 angelorum
914 1776 946 1808 4.
975 1773 1115 1807 Caelicis
1143 1777 1257 1814 saepta
1284 1774 1437 1805 turmulis

312 1825 423 1858 Maria
450 1824 607 1867 exaltata,
1024 1823 1206 1864 spirituum
1234 1823 1416 1861 beatorum,

261 1876 381 1908 Arcem
407 1875 494 1907 muri
521 1873 675 1906 vitiorum
974 1872 1125 1905 Dulciter
1154 1872 1382 1905 resonantibus

311 1924 508 1957 Nostrorum
535 1932 593 1956 rue
619 1927 723 1964 grata.
1024 1922 1152 1954 Neuma
1177 1931 1403 1962 personorum.

243 2031 329 2060 Cant.
361 2041 416 2059 ms.
448 2031 601 2067 Pragense
623 2031 809 2063 (Wenceslai
841 2031 879 2058 tle
908 2030 1092 2067 Wyskytna)
1123 2031 1194 2057 anni
1229 2028 1313 2057 1:312.
1342 2029 1417 2056 Cod.
1445 2029 1527 2057 Mus.

161 2073 285 2101 Bohem.
307 2072 384 2101 XIII
405 2071 430 2099 A
451 2069 479 2099 2.
500 2086 538 2091 —
563 2070 605 2099 Es
633 2071 734 2108 fulgen
763 2070 841 2099 noch
870 2070 918 2098 die
940 2071 1003 2098 urei
1027 2070 1199 2097 bekannten
1223 2068 1525 2105 Hymuenstrophen:
1543 2100 1546 2106 .

160 2112 272 2147 Maria,
293 2115 390 2140 mater
403 2113 522 2149 gratiae
537 2114 607 2146 εἴας
628 2111 738 2143 Maria,
750 2112 846 2146 ·virgo
861 2111 1012 2146 virginum
1029 2112 1100 2141 etc.;
1123 2110 1229 2138 Gloria
1243 2110 1310 2140 tibi,
1324 2109 1454 2136 Domine
1469 2111 1529 2135 eto.
