1650 2727
709 164 989 200 —181—

261 263 307 296 Et
330 263 448 297 nititur
471 261 640 306 aufugere,
969 263 1177 304 Planguntin
1186 273 1356 297 commune
1369 263 1524 297 damnum

263 312 358 352 Quod
384 321 420 346 se
445 312 538 346 videt
563 312 696 353 eligere.
1019 311 1210 345 adfuturum
1237 314 1408 355 proprium

969 360 1012 393 Et
1039 366 1218 402 precantur
1245 362 1380 395 dilatari

200 402 233 435 2.
260 400 352 432 Tunc
377 399 538 434 violenter
563 400 694 440 capitur
1017 410 1066 442 sui
1094 410 1198 450 patris
1227 411 1362 445 exitum·

259 449 306 481 Et
327 449 459 490 praesul
485 448 703 489 benedicitur,

261 497 460 538 Pr⁰p⁰nit¹¹r
485 498 518 530 i¹¹
545 497 727 553 ‘'fifhedsa·
906 509 940 542 3.
969 508 1015 541 Ut
1048 508 1197 547 cognovit
1226 509 1357 547 praesul
1383 512 1515 541 sanctus

263 546 345 579 cum
371 556 484 587 magna
511 545 619 587 Plebls
645 547 761 588 glona.
1015 556 1248 589 lamentantem
1275 557 1443 599 populum,

969 605 1177 646 Increpando
1204 606 1372 647 arguebat,

199 636 232 669 3·
259 634 359 677 Ecce’
386 634 519 676 praesul
546 633 652 676 beate’
1016 654 1139 694 dicens,
1168 659 1202 686 ut
1229 655 1271 686 ad
1299 655 1474 687 Dominum

309 685 363 739 qui
393 683 434 714 de
454 687 492 738 ‚te
518 682 707 727 gloriamur’
965 702 1075 736 Corda
1102 708 1231 736 vertant
1258 708 1287 736 et
1317 705 1490 744 exquirant

259 732 381 764 Salutis
408 732 631 764 adlumentum
1016 752 1057 784 ab
1085 761 1122 784 eo
1150 753 1317 787 auxilium·

307 790 326 813 a
352 786 385 814 te
412 782 640 825 experiamur3

256 830 357 871 Audi,
386 830 536 870 Siffrede,
564 840 690 873 preces,

309 879 426 920 quibus
450 884 482 911 te
510 880 736 920 deprecamur,
1061 889 1107 917 Ad
1128 890 1320 918 Benedictus.

255 929 299 962 Ut
326 937 457 970 semper
482 933 587 961 tecum
616 929 710 962 bonis

302 977 428 1019 perfrui
455 987 649 1013 mereamur,
888 970 929 1002 A.
958 969 1171 1002 Celebrantes
1199 969 1317 1001 festum
1345 969 1431 1002 diem

1012 1017 1144 1051 siffredi
1172 1018 1337 1058 pontificis

181 1066 220 1100 R.
250 1065 276 1100 Ο
302 1065 491 1106 pontificem
518 1066 658 1106 beatum,
961 1066 1134 1100 Dominum
1161 1067 1403 1105 benedicamus,

305 1124 324 1147 o
351 1119 515 1148 sacratum
543 1116 737 1155 praesulem,
1011 1117 1207 1149 salvatorem
1234 1117 1389 1157 omnium,

256 1164 317 1204 Qui
343 1168 434 1196 tuum
462 1163 656 1197 familiarem
964 1163 1023 1197 Cui
1049 1165 1146 1198 hodie
1172 1166 1331 1199 Siffredus

304 1213 399 1246 huius
426 1213 513 1246 vitae
539 1214 684 1246 exsulem
1011 1223 1103 1247 suum
1132 1215 1218 1247 misit
1247 1216 1419 1255 spiritum,

255 1261 299 1295 Et
328 1261 517 1295 defunctum
543 1262 710 1295 suscitasti
965 1263 1108 1304 Ideoque
1136 1274 1193 1295 nos
1221 1273 1394 1305 poscamus

305 1316 336 1343 et
366 1311 473 1344 fecisti
500 1311 670 1352 caelibem,
1013 1312 1082 1344 eius
1109 1313 1318 1353 adiutorium,

254 1360 304 1393 Tu
331 1365 475 1393 nostram
503 1359 716 1401 fragilitatem
964 1360 1006 1394 Ut
1035 1370 1106 1394 cum
1134 1362 1207 1402 ipso
1235 1371 1471 1403 conregnemus

304 1410 494 1442 interventu
518 1414 655 1451 protege
1011 1410 1089 1443 laeti
1115 1411 1149 1443 in
1176 1418 1382 1452 perpetuum.

254 1458 299 1492 Et
327 1459 468 1491 caeleste
495 1458 591 1492 nobis
618 1467 753 1500 regnum

302 1507 519 1548 interpellans
545 1507 668 1543 obtine.

182 1556 221 1590 V.
248 1558 315 1590 Per
339 1561 440 1597 tuam,
467 1561 582 1598 pastor
608 1558 714 1598 oviliS,

304 1606 436 1648 dignam
464 1605 695 1639 confidentiam

252 1654 420 1695 Nostram,
448 1656 600 1698 petimus,
628 1655 738 1688 fulciri

301 1708 507 1746 praesentem
535 1705 712 1748 miseriam,

251 1753 300 1789 Ut
325 1754 463 1794 perduci
490 1763 675 1789 mereamur

299 1804 342 1836 ad
369 1812 547 1845 perennem
573 1804 723 1844 gloriam.

1051 1548 1121 1576 Alia
1143 1547 1327 1584 Antiphona.

960 1627 986 1660 Ο
1015 1628 1177 1660 castitatis
1205 1628 1320 1670 lilium,

960 1675 1112 1715 Siffrede,
1141 1677 1206 1710 dux
1235 1677 1418 1720 humilium,

1010 1727 1160 1759 Lucerna
1187 1726 1422 1768 confessorum,

960 1775 1094 1817 Castiga
1121 1776 1346 1819 saevientium,

961 1823 1003 1857 Se
1030 1825 1154 1866 passim
1180 1826 1402 1867 ingerentium

1009 1874 1179 1907 Incentiva
1205 1874 1404 1913 morborum,

959 1923 1002 1957 Et
1031 1928 1195 1964 tamquam
1225 1925 1394 1965 praevium

316 1972 363 2005 In
390 1971 629 2008 Laudibus.
958 1973 1054 2007 More
1081 1974 1285 2006 laudantium

959 2021 1084 2055 Laudis
1111 2022 1209 2055 influe
1237 2023 1377 2060 radium,

372 2050 575 2088 Annphonae.
1006 2072 1079 2105 Deo
1106 2077 1218 2105 nostro
1247 2073 1413 2107 decorum.

188 2139 220 2173 1.
247 2139 301 2173 Ad
326 2139 387 2173 hoc
414 2144 520 2173 motus
547 2145 644 2182 pater
669 2140 743 2184 pius

295 2190 459 2223 consolari
482 2191 599 2223 nititur

245 2239 292 2272 Et
317 2239 469 2273 certatim
496 2238 670 2273 affluentes

294 2292 482 2330 temperare
509 2290 674 2331 lacrimas,

245 2337 296 2372 Ne
322 2342 489 2373 mutarent
512 2339 544 2372 in
572 2339 762 2383 lamentum,

294 2389 382 2429 quod
400 2389 591 2422 laetandum
611 2392 796 2424 cernerent.

1003 2268 1049 2304 In
1079 2273 1110 2304 2.
1140 2271 1365 2312 vesperis.

1059 2370 1104 2398 Ad
1126 2368 1311 2406 Magnificat.

186 2478 220 2514 2.
248 2477 304 2512 Illi
330 2477 392 2511 hoc
418 2477 532 2511 audito
558 2478 685 2512 nullum
881 2479 923 2513 A.
951 2479 977 2512 Ο
1001 2478 1153 2519 Siffrede,
1182 2479 1232 2511 vir
1260 2478 1365 2522 beate,

293 2525 393 2561 flendi
423 2527 505 2560 dant
530 2527 724 2567 remedium,
1006 2537 1025 2560 o
1052 2531 1167 2569 pastor
1194 2527 1333 2571 egregie,
