1650 2727
808 137 854 172 79

670 232 717 263 97.
759 231 802 264 De
822 231 982 263 Amicitia.

556 302 595 336 R.
624 302 778 336 Coetibus
804 303 961 344 angelicis

621 350 785 384 Gaudium
811 352 854 384 sit
881 354 914 384 in
942 353 1053 393 caelis,

167 417 197 451 1.
227 419 265 450 In
292 418 390 451 terris
416 419 502 451 omni
527 419 649 459 populo

221 466 369 500 Celebris
396 467 581 508 exsultatio,

217 515 300 556 Quia
327 516 424 548 hodie
452 516 561 556 vigilia

219 563 331 596 Sancti
356 564 503 597 Mathaei
531 564 666 605 fulgida,

183 657 191 665 .
221 632 359 665 Pellitur
383 633 538 664 nebulum
566 641 660 665 omne

218 681 366 713 Gemitus
394 686 427 713 et
452 681 608 714 tristitiae

216 729 270 762 Ab
296 730 474 763 amicorum
502 731 625 763 intimis

217 779 334 812 Cordis
362 779 499 812 duorum
527 779 671 812 secretis.

157 849 188 882 3.
217 847 270 880 Fit
297 858 442 880 amarum
466 858 602 889 uanique
631 849 725 881 dulce

213 897 413 938 Qualitatum
440 907 535 930 versa
563 899 643 937 vice,

215 946 274 978 Fel
302 956 430 987 quoque
456 947 694 980 amarissimum

218 995 342 1028 Nectar
367 996 497 1028 exsistit
521 997 691 1036 optimum.

157 1065 189 1096 4.
217 1063 378 1104 Fuliginis
407 1065 529 1097 duritia

217 1112 372 1146 Efficitur
397 1112 564 1153 melliflua,

213 1162 397 1194 Dulcedine
422 1166 576 1195 nectarea

216 1211 356 1244 Pacatur
383 1211 458 1244 bilis
483 1211 613 1244 acerba.

869 424 901 454 5.
930 419 1096 452 Firmatur
1123 419 1239 454 foedus
1266 421 1412 463 integrae

863 851 894 883 7.

928 469 978 500 Ac
1006 468 1100 500 fortis
1127 469 1302 509 amicitiae,

927 517 1019 556 Quod
1045 527 1174 557 semper
1200 518 1374 550 insolubile

927 567 1073 598 Aeterno
1100 571 1225 599 constet
1253 572 1410 608 tempore.

930 635 1037 666 Datur
1060 644 1186 675 munus,
1214 640 1249 667 ut
1276 635 1372 667 nitidi

926 683 1056 715 Existat
1085 684 1178 716 testis
1206 682 1360 725 foederis,

926 732 968 764 Et
996 733 1165 773 proprium
1194 732 1228 764 fit
1257 742 1425 765 commune

926 782 963 814 In
991 782 1103 814 usibus
1130 782 1311 823 utriusque.

923 849 1151 889 Consumitur,
1179 854 1215 882 ut
1239 851 1338 883 semel

925 896 1190 943 Colloqua[n]tur
1216 900 1305 932 omni
1331 901 1398 940 die,

924 948 973 979 Ne
1002 947 1155 989 frigescat
1185 950 1396 982 multimodae

924 997 1048 1029 Fervor
1077 998 1335 1035 benevolentiae,

924 1066 988 1098 Sed
1017 1064 1143 1098 ferveat
1169 1067 1326 1099 benevola

924 1114 1060 1155 Semper
1085 1114 1206 1147 amoris
1232 1116 1339 1156 gratia

922 1163 987 1196 Per
1014 1164 1217 1197 saeculorum
1244 1165 1352 1197 omnia

922 1213 1052 1245 Christo
1079 1213 1221 1246 donante
1248 1215 1389 1247 saecula.

497 1284 530 1316 9.
558 1282 650 1321 Quod
679 1282 814 1321 adunas,
843 1291 966 1314 summe
993 1281 1095 1322 Deus,

555 1331 655 1364 Vultu
683 1331 825 1371 deposco
852 1340 1001 1365 cernuus.

555 1380 616 1419 Qui
643 1384 759 1412 cuncta
784 1381 837 1412 hic
865 1385 896 1412 et
921 1381 954 1412 111
983 1381 1073 1412 caelo

555 1429 643 1462 Nutu
668 1430 830 1471 gubernas
857 1430 1003 1470 proprio.

216 1495 304 1530 Trop.
327 1504 381 1522 ms.
407 1497 600 1525 Martialense
623 1506 699 1525 saec.
726 1496 798 1525 Ι(1111.
821 1496 892 1525 Cod.
917 1497 1045 1525 Pal-isin.
1075 1495 1156 1525 11:20.
1180 1497 1244 1525 add⁴
1268 1506 1345 1525 saec.

1371 1496 1445 1525 ¹⁰J11.

483 1691 749 1738 Cantiones
783 1693 1136 1739 Scholastieae.

465 1848 512 1880 98.
555 1849 615 1881 Pro
637 1848 815 1882 Vacatione
837 1851 869 1881 111
892 1849 999 1881 Natali
1024 1849 1156 1882 Domini.

150 1932 182 1965 1.
211 1931 462 1972 Congaudentes
489 1933 698 1975 exsultemus,

208 1981 422 2014 Exsultantes
449 1982 674 2016 collaudemus

255 2030 372 2073 Deum,
401 2031 464 2064 Dei
491 2031 614 2075 filium3

208 2080 322 2117 Deum.
352 2081 406 2121 qui
434 2090 492 2114 nos
519 2081 664 2115 visitavit

208 2130 251 2162 Et
276 2130 308 2162 in
337 2135 427 2163 terra
453 2140 487 2163 sc
515 2132 708 2165 monstravit

255 2179 398 2213 Nostrae
425 2182 534 2213 carnis
560 2182 694 2217 socium.

146 2250 178 2283 2.
209 2250 303 2282 Venit
333 2254 466 2283 nostrae
491 2260 567 2292 spes
594 2250 720 2291 salutis,

204 2299 294 2332 Deus
320 2300 412 2340 pacis
439 2304 471 2333 et
497 2301 640 2339 virtutis,

254 2349 355 2389 Deus,
385 2349 481 2382 dator
505 2349 651 2392 gratiae3

208 2397 350 2431 Verbum
377 2399 483 2439 pau-is
510 2400 716 2432 incarnatum

205 2447 333 2489 Corpus
359 2449 457 2481 sumit
483 2448 662 2481 animatum

255 2497 372 2532 carnis
398 2502 494 2530 utens
520 2498 642 2540 specie.

857 1935 876 1966 3
881 1959 888 1966 .

854 2251 887 2282 4.

917 1933 1015 1971 Ecce,
1045 1934 1114 1965 dies
1141 1934 1306 1974 specialis,

916 1983 1010 2015 Vitae
1038 1992 1135 2015 causa
1162 1983 1367 2028 principalis,

966 2032 1088 2065 Salutis
1115 2033 1348 2076 praeambula;

917 2081 969 2114 Fit
999 2082 1106 2114 Maria
1132 2082 1224 2123 virgo
1252 2087 1366 2123 mater,

917 2131 1023 2163 Mittit
1049 2138 1159 2164 natum
1188 2131 1276 2164 Deus
1303 2137 1398 2173 pater

965 2181 1019 2213 Ad
1047 2181 1239 2214 salvandum
1268 2183 1407 2215 saecula.

918 2250 1016 2290 Virgo
1043 2249 1141 2289 parit,
1169 2254 1201 2281 et
1228 2257 1275 2282 est
1304 2251 1432 2289 mirum,

919 2299 1018 2340 Virgo
1044 2299 1166 2330 nullum
1198 2308 1295 2339 passa.
1322 2301 1427 2332 virum

964 2348 1067 2380 Deum
1095 2349 1183 2389 parit
1211 2348 1392 2387 liominem;

913 2397 1033 2431 Tumet
1057 2401 1172 2430 venter
1199 2397 1380 2440 virginalis,

914 2447 984 2480 Nec
1011 2448 1193 2487 corrumpit
1218 2454 1334 2488 partus
1361 2448 1437 2481 talis

962 2497 1191 2538 Incorruptam
1218 2498 1387 2540 virginem.
