1650 2727
695 174 962 212 -189-

167 272 200 305 2.
228 271 292 304 Dei
318 271 450 304 laudem
476 271 530 304 hie
556 271 590 303 lu
617 279 674 304 ore

224 321 363 362 Semper
388 319 512 353 habens
538 327 610 352 eum
639 319 757 353 decore

276 368 398 402 Docuit
423 368 606 401 sublimius.

163 449 196 481 3.
225 446 370 480 Verbum
397 446 516 479 bonum
544 446 718 487 eructavit,

227 496 329 531 Cuius
354 496 466 536 lingua
490 495 602 528 multis
628 493 713 528 favit

274 544 381 576 Velox
408 544 492 577 sicut
519 545 674 578 calamus

364 671 578 707 Responsoria.

165 752 197 786 1.
225 750 384 785 Caelestis
411 751 510 783 hodie

270 799 348 834 vitis
375 799 563 842 effronduit‚

223 849 321 883 Cuius
347 849 381 882 in
407 849 544 890 palmite

271 907 373 932 novus
399 898 554 939 apparuit

318 946 399 979 Flos
425 947 625 990 pudicitiae3

149 997 189 1031 V.
221 997 332 1030 Titum
358 997 528 1037 suscipite,

222 1046 355 1079 Patrem
384 1046 534 1086 aspicite,

271 1095 335 1135 Qui
363 1094 463 1127 fidem
490 1093 610 1127 docuit.

160 1175 194 1208 2.
222 1174 336 1206 Novus
363 1172 524 1205 emittitur

269 1222 325 1256 Ad
351 1225 464 1262 gentes
491 1220 635 1261 nuntius,

220 1272 327 1304 Verus
355 1271 487 1312 eligitur

270 1320 428 1354 Caelestis
455 1319 583 1352 baiulus

318 1368 417 1400 Verbi
445 1367 660 1409 prudentiae3

143 1419 184 1453 V.
216 1419 315 1452 Sidus
341 1418 505 1460 eximium,

217 1467 378 1508 Magister
403 1468 547 1508 gentium

265 1516 445 1557 Prolesque
469 1516 613 1549 Minoae.

154 1597 188 1630 8.
214 1595 282 1629 Ros
308 1592 472 1635 refrigerii

263 1645 314 1677 De
341 1644 431 1676 caelo
458 1644 611 1683 mittitur,

212 1693 296 1736 Spes
324 1692 482 1725 desiderii

266 1742 379 1777 Gratis
405 1742 618 1783 amplectitur

311 1792 349 1824 In
376 1791 458 1824 urbe
485 1792 633 1834 Cretica3

136 1842 175 1878 V.
209 1842 353 1884 Dignum
381 1841 577 1885 depositum,

211 1891 306 1932 Quod
333 1890 379 1922 ibi
407 1891 548 1931 positum

261 1940 392 1973 Virtute
419 1940 552 1975 caelica.

267 2090 314 2122 In
343 2090 376 2122 2.
404 2088 644 2121 Nocturno.

357 2166 559 2204 Antiphonae.

145 2259 180 2293 1.
204 2257 352 2299 Populos
379 2257 456 2291 Tito
483 2257 649 2290 subiectos

203 2307 318 2341 Verbo
345 2307 446 2339 donat
473 2315 545 2339 esse
571 2309 680 2338 rectos

253 2356 378 2391 Christi
405 2359 502 2398 grata
527 2355 646 2398 gratia.

139 2438 173 2473 2.
204 2435 274 2471 Sub
301 2435 430 2468 alarum
456 2435 643 2468 velamento

203 2486 271 2520 Dei
297 2488 404 2517 tectus
431 2484 464 2517 in
494 2486 669 2526 augmento

254 2534 356 2569 Lucis
382 2533 488 2576 fulget
514 2531 631 2576 gloria.

874 274 907 306 3.

934 272 1063 306 Gaudet
1089 273 1182 305 Titus
1210 276 1240 304 et
1268 272 1434 311 laudatur,

934 321 1022 354 Laus
1048 321 1151 362 ipsius
1179 322 1284 353 minus
1312 319 1401 353 fatur

983 370 1091 410 Digna
1117 369 1214 402 laude
1242 370 1376 402 caelica.

993 505 1037 537 In
1066 507 1099 539 3.
1126 505 1367 537 Nocturno.

1080 580 1281 617 Antiphonae.

896 697 903 705 .
931 671 1056 704 Christi
1083 678 1200 703 nomen
1228 670 1430 709 invocantes,

930 720 1077 752 Laudem
1104 719 1171 752 Titi
1197 724 1413 760 personantes

980 770 1193 803 Exsultemus
1221 769 1331 803 hodie.

930 847 1003 880 Lux
1030 851 1079 880 est
1105 850 1177 880 orta
1203 847 1297 879 iustis
1325 848 1456 889 Cretae,

932 897 991 930 Cui
1019 906 1149 938 semper
1175 898 1377 937 congaudete

981 946 1063 978 Luci
1090 946 1188 979 laude
1215 947 1359 986 praevia.

935 1025 1059 1057 Parans
1089 1025 1142 1056 hic
1167 1024 1364 1056 directiones

935 1073 1057 1106 Christi
1084 1073 1331 1105 benedictiones

983 1121 1177 1163 Impetravit
1203 1122 1336 1162 populo.

1072 1229 1287 1264 Responsoria.

894 1325 900 1332 .
927 1299 1011 1332 Auri
1038 1297 1271 1331 candelabrum

978 1348 1097 1381 Nitens
1123 1347 1311 1389 prudentia,

929 1397 1051 1431 Christi
1080 1396 1299 1429 ventilabrum

974 1446 1121 1487 Purgans
1149 1445 1181 1476 in
1209 1455 1287 1477 area

1025 1495 1170 1528 Granum
1198 1503 1218 1526 a
1245 1494 1371 1534 paleis;

923 1544 1089 1577 Corruunt
1115 1543 1205 1576 idola

922 1594 1041 1634 Populi
1068 1592 1208 1625 subdola

1020 1642 1135 1675 Dediti
1162 1642 1260 1675 vitiis.

923 1721 1045 1762 Fulget
1070 1722 1104 1754 in
1130 1720 1276 1752 tenebris

970 1770 1089 1803 Mundi
1116 1771 1261 1810 lucerna,

923 1819 1037 1853 Sancti
1065 1819 1231 1861 regiminis

970 1869 1076 1902 Adest
1104 1870 1263 1910 pincerna

1022 1919 1130 1952 Patris
1158 1917 1321 1958 familia53

919 1968 992 2001 Due
1017 1969 1060 2001 ad
1088 1973 1223 2000 aeterna

920 2018 1035 2059 Regna
1061 2027 1214 2058 superna,

1019 2067 1085 2099 Fili
1114 2066 1267 2100 familias.

1016 2216 1062 2248 In
1089 2213 1332 2247 Laudibus.

1071 2292 1144 2320 Anti
1148 2291 1275 2327 phonae.

920 2381 1061 2415 Domum
1088 2385 1188 2421 tuam,
1217 2381 1369 2423 Domine,

968 2431 1075 2464 Decet
1101 2430 1300 2470 sanctitudo,

915 2481 955 2514 In
982 2490 1046 2522 qua
1071 2481 1140 2514 Titi
1169 2480 1289 2512 colitur

971 2529 1066 2563 Vitae
1092 2528 1295 2570 magnitudo
