1650 2727
664 176 707 181 —
762 157 929 193 136-

161 256 193 289 3.
220 254 339 287 Matris
365 264 450 295 ossa,
478 256 569 296 virgo
595 256 660 297 pia,

268 303 353 336 Dum
383 302 492 336 defers
518 303 552 336 in
579 304 738 345 Samiam,

220 351 270 384 Ne
296 362 424 385 errares
451 353 510 386 hac
537 353 568 385 in
598 354 659 390 via.

267 401 400 434 Stellam
430 402 530 434 habes
557 404 733 442 praeviam,

220 449 318 483 Cuius
345 451 415 483 luce
441 451 510 483 Deo
536 451 618 482 duce

270 501 371 533 Recta
398 501 483 542 petis
510 500 661 539 patriam.

147 549 187 583 V.
215 550 297 590 Quot
331 548 478 590 perversi
511 552 585 580 sunt
612 548 759 581 conversi

267 598 374 630 Sacris
401 598 464 629 tuis
492 597 633 638 monitis,

217 648 299 687 Quot
328 645 446 678 infirmi
474 650 549 678 sunt
575 646 679 678 curati

270 695 422 727 Precibus
450 698 482 726 et
508 694 650 726 meritis!

256 881 302 913 In
331 880 362 911 3.
391 879 624 911 Nocturno.

338 966 536 1002 Antiphonae.

158 1066 188 1098 1.
217 1066 343 1104 Quanto
371 1073 440 1095 sese
469 1063 672 1103 deprimebat

264 1113 405 1145 Humilis
432 1112 599 1151 nobilitas,

215 1163 319 1194 Tanto
347 1162 448 1201 magis
476 1160 624 1192 elucebat

264 1209 394 1242 Nobilis
421 1210 598 1242 humilitas,

155 1320 189 1352 2.
215 1317 350 1358 Quando
377 1316 487 1348 Tibris
513 1316 578 1347 alte
605 1326 696 1348 suurn

263 1365 444 1407 Superabat
468 1365 605 1406 alveum,

216 1414 323 1447 Grave
351 1414 471 1446 Romae
501 1413 623 1444 civitati

263 1463 420 1495 Minitans
447 1461 592 1500 exitium,

213 1513 303 1544 Haec
330 1516 440 1551 rogata
469 1514 557 1542 tactu
583 1511 703 1550 pedum

262 1561 413 1592 Dimovet
439 1559 623 1599 imperium.

159 1659 190 1691 3.
219 1657 309 1689 Sicut
336 1656 522 1688 coenobitas
552 1654 634 1696 fugit

263 1706 335 1738 Suis
363 1705 445 1736 votis
472 1714 535 1736 non
563 1708 743 1745 comeum,

215 1754 397 1787 Katbarina
424 1754 471 1785 sic
499 1753 605 1793 diligit

263 1802 374 1834 Factis
400 1803 484 1834 votis
513 1801 702 1836 delectatos.

330 1928 542 1963 Responsoria.

153 2009 183 2042 1.
209 2008 372 2040 Tordonis
399 2017 528 2039 manum
556 2008 716 2047 praesulis

263 2058 339 2090 Post
352 2060 487 2088 mortem
498 2056 588 2100 virgo
597 2056 795 2100 comprimit,

212 2107 294 2147 Hoc,
322 2109 357 2136 ut
383 2104 511 2148 fidelem
539 2104 679 2137 subditis

261 2154 435 2195 Impendat
462 2163 582 2195 curam,
610 2155 725 2190 innuit,

214 2205 313 2244 Quem
342 2202 453 2234 vivens
480 2203 561 2235 invit
587 2204 692 2243 gratia

214 2254 251 2285 In
278 2253 423 2285 Romana
448 2252 538 2284 curia

214 2303 278 2334 Pro
305 2300 527 2333 confirmanda
553 2299 667 2334 infula.

147 2351 183 2385 V.
211 2351 303 2392 Quod
329 2350 403 2382 viva
430 2350 548 2388 verbis,
577 2349 739 2391 precibus,

262 2399 436 2439 Exemplo,
463 2399 544 2437 zelo,
571 2399 713 2439 monitis,

215 2451 294 2482 Post
320 2453 454 2481 mortem
484 2447 560 2480 fecit
588 2447 729 2486 nutibus,

264 2499 317 2532 Sic
344 2498 431 2530 salus
459 2497 544 2530 facta
574 2497 734 2538 plurimis.

838 258 869 290 2.
901 256 978 288 Post
1003 257 1133 290 labores
1159 257 1212 288 hic
1239 255 1419 296 completos

950 305 1084 338 Vocaris
1110 305 1153 338 ad
1181 305 1373 346 praemium,

900 354 935 386 ln
961 355 1132 395 amplexus
1159 355 1270 394 sponsi
1298 353 1402 386 laetos

946 405 1108 444 Properas
1135 407 1167 434 et
1193 404 1359 444 gaudium.

896 451 1026 484 Gaudet
1043 456 1143 493 terra,
1173 453 1302 493 plaudit
1319 451 1445 483 caelum

945 501 1042 533 Sidus
1070 501 1202 533 mittens
1229 500 1386 542 lucidum,

894 549 987 588 Quod
1013 550 1055 582 ad
1081 550 1128 581 tui
1146 549 1237 581 stetit
1255 553 1443 590 promptum

944 598 1082 630 Funeris
1109 598 1310 639 obsequium.

859 672 867 680 .
895 645 1016 684 Stella,
1064 656 1165 688 quam
1206 648 1359 679 viderant
1403 646 1469 679 viri

894 694 1043 727 timorati
1076 705 1150 728 cum
1182 696 1259 728 aliis
1287 695 1467 728 luminari-

893 743 952 776 bus
968 744 1003 775 in
1021 747 1106 783 aere,
1127 745 1335 777 antecedebat
1351 745 1466 785 funus,

892 801 995 832 usque
1051 794 1131 825 dum
1183 794 1314 825 veniens
1365 796 1467 826 staret

893 849 1018 882 supra,
1071 841 1127 873 ubi
1169 851 1304 874 sacrum
1338 842 1467 883 pignus

893 889 1064 921 conditum
1090 890 1165 930 sicit.

962 1044 1007 1076 In
1034 1045 1270 1080 Laudibus,

1024 1121 1226 1158 Antiphonae.

859 1239 865 1244 .
893 1209 983 1243 Sicut
1011 1211 1129 1251 Ioseph
1157 1216 1189 1244 et
1215 1212 1335 1249 Maria,

893 1258 980 1297 (Sic)
1001 1259 1172 1300 Eghardus
1201 1265 1232 1291 et
1251 1260 1436 1293 Katharina

944 1308 1074 1340 Carnali
1101 1308 1170 1339 sine
1195 1311 1312 1349 copula

943 1356 1040 1388 Casta
1068 1356 1200 1388 fuerunt
1226 1357 1308 1389 lilia.

857 1473 865 1481 .
893 1447 1019 1480 Devota
1046 1448 1227 1487 meditatio,

945 1497 1060 1529 Preces
1088 1501 1119 1528 et
1146 1498 1276 1536 ieiunia,

894 1545 980 1585 Iugis
1006 1545 1094 1577 humi
1122 1545 1251 1578 cubatio

941 1593 1046 1625 Erant
1072 1595 1185 1625 horum
1213 1595 1332 1636 media,

893 1642 1015 1680 Quibus
1042 1642 1207 1682 pellebant
1235 1644 1335 1682 vitia3

891 1691 1071 1730 Sequamur
1096 1692 1174 1723 haec
1202 1693 1354 1734 vestigia.

855 1811 863 1818 ,
893 1784 1047 1824 Pompam
1076 1785 1226 1824 despexit
1254 1785 1392 1817 vestium

892 1831 966 1864 Non
977 1841 1114 1873 sequens
1129 1843 1250 1865 morem
1269 1834 1467 1876 principum,

892 1880 978 1913 Hinc
1003 1883 1106 1914 oculis
1133 1882 1293 1914 nobilium

892 1930 998 1970 Ipsius
1026 1932 1125 1962 vestis
1153 1931 1262 1963 lacera

891 1978 1045 2012 Divinum
1073 1987 1132 2019 per
1157 1980 1351 2012 miraculum

893 2027 1030 2059 Putatur
1056 2029 1351 2068 praestantissima.

857 2139 864 2147 .
893 2114 946 2147 Ab
974 2116 1102 2148 ancillis
1129 2116 1300 2158 obiurgata

943 2163 1097 2196 Gaudens
1125 2163 1190 2196 fert
1213 2166 1370 2207 ludibria,

893 2214 922 2246 A
951 2213 1065 2244 vicinis
1093 2214 1220 2245 damnis
1248 2215 1337 2247 laesa

942 2261 1065 2294 Reddit
1092 2262 1262 2297 beneficia.

858 2375 866 2383 .
894 2350 921 2383 Ο
949 2349 1132 2383 Katharina
1159 2350 1239 2393 filia,

893 2397 969 2431 Non
995 2399 1085 2431 cedis
1111 2401 1208 2432 matri
1235 2406 1364 2435 mortua

894 2447 1126 2480 Miraculorum
1155 2451 1272 2490 gratia.

893 2496 1014 2530 Sancta
1040 2501 1154 2539 mater,
1182 2498 1263 2532 felix
1290 2505 1379 2542 nata,
