1650 2727
181 1312 235 1344 10.

183 1553 238 1585 15.

184 1798 240 1830 20.

184 2043 241 2075 25.

185 2287 241 2320 30.

626 129 796 165 -200
849 147 894 154 -

261 230 370 270 Atque
396 228 583 261 interventu
609 229 695 261 sacri
722 228 886 262 libaminis
913 228 1007 260 huius

263 278 339 311 Vita
365 277 595 317 superstitibus
623 278 730 318 detur,
751 277 960 318 *indulgentia
988 275 1119 310 functis.

593 375 632 408 V.
667 375 728 407 Ad
767 375 926 408 Pacem.

262 454 398 486 Arbiter
424 454 523 491 orbis,
550 462 633 494 apex
661 463 780 495 rerum,
808 461 882 494 spes
908 462 973 485 una
998 461 1138 491 reorum,

262 503 389 535 Tardus
417 502 593 540 vindictae,
621 503 734 534 veniae
761 502 858 540 celer,
886 502 1055 533 immemor
1080 501 1162 541 irae,

265 552 324 592 Qui
352 551 424 583 loca
450 551 623 591 perquiriS,
652 551 779 583 miseris
805 550 861 582 ubi
888 558 1025 590 parcere
1050 550 1167 590 possis,

263 601 410 633 Invitans
437 599 478 631 ad
507 601 591 631 dona
619 600 732 639 magis,
759 607 799 631 ne
825 598 962 630 crimina
990 598 1134 637 damueS,

264 649 368 681 Necte
394 648 489 680 fidem
518 648 661 689 populis,
690 657 801 688 pacem
829 655 913 688 sere,
940 651 1078 687 pectora
1103 647 1211 689 iunge,

266 698 312 732 Ut
337 701 467 729 teneant
495 697 612 735 animo,
640 697 727 737 quod
753 696 875 729 blanda
902 704 962 736 per
988 696 1099 728 oscula
1126 694 1282 735 produnt.

565 794 622 826 VI.
661 793 954 826 Contestatio.

266 873 405 912 Dignum
434 876 463 902 et
492 871 609 902 iustum
638 874 697 911 est,
724 880 782 903 nos
809 871 932 911 gratias
958 869 1018 902 tibi
1048 869 1157 900 dicere
1185 869 1310 910 dignas,

266 922 394 954 Summe
419 920 507 952 Deus
534 928 726 960 semperque
750 929 884 952 manens
913 918 1096 951 dominator
1122 917 1250 959 ubique,

267 971 307 1002 Et
335 969 389 1009 qui
417 972 531 1000 cuncta
559 973 672 1008 potens
699 968 843 1008 propriis
870 969 1011 999 animata
1038 966 1150 1007 figuris

266 1017 394 1050 Artifici
421 1025 570 1048 sermone
596 1016 689 1055 facis,
717 1018 836 1057 quique
862 1017 952 1048 edita
979 1024 1127 1053 cernens,

264 1069 350 1099 Ante
378 1066 491 1097 videns
519 1073 689 1105 rerumque
717 1075 831 1097 creans
858 1074 917 1105 per
943 1065 1074 1096 nomina
1102 1062 1233 1097 formas

264 1116 342 1148 Cum
370 1114 495 1150 fierent,
523 1123 584 1146 vox
614 1123 723 1147 semen
752 1117 831 1155 erat,
860 1123 920 1145 nec
946 1112 1072 1145 distulit
1101 1116 1192 1144 ortus

264 1164 440 1203 Imperium
470 1167 585 1194 natura
612 1171 769 1204 sequens;
798 1172 872 1194 mox
899 1162 1034 1203 spiritus
1061 1162 1127 1192 oris

265 1213 408 1245 Aethera
437 1212 592 1253 curvavit,
622 1212 691 1242 sola
718 1212 840 1250 nexuit,
868 1219 1009 1251 aequora
1035 1209 1133 1247 fudit,

265 1261 502 1300 Materiamque
529 1260 637 1300 operis
665 1260 736 1292 sola
762 1263 810 1291 est
838 1260 958 1299 largita
985 1258 1146 1290 voluntas.

266 1310 315 1342 Ne
343 1308 489 1341 deforme
516 1308 625 1347 iugum
652 1308 768 1340 similis
796 1312 945 1349 portaret
970 1307 1088 1348 imago,

265 1357 420 1397 Tegmine
446 1356 557 1388 servili
585 1357 678 1388 latuit
708 1360 861 1396 regnator
886 1355 1027 1396 Olympi,

265 1408 311 1441 Ut
338 1415 395 1438 sua
422 1405 559 1445 gentiles
587 1406 759 1444 implerent
787 1408 903 1445 coepta
931 1402 1062 1436 furoris.

265 1455 344 1494 Quis
370 1455 464 1485 dolus
491 1453 645 1494 Herodis,
674 1462 746 1486 cum
773 1454 882 1485 tristia
908 1453 994 1484 bella
1021 1456 1189 1484 moverent

267 1502 431 1536 Infantum
459 1504 612 1535 mandata
637 1502 743 1534 necis!
773 1506 850 1543 quot
876 1501 977 1533 ubere
1003 1504 1116 1541 raptos

268 1552 411 1584 Vulnera
439 1551 619 1591 suscipiunt
650 1551 760 1591 parvis
787 1551 930 1582 errantia
956 1550 1121 1591 membris,

267 1602 330 1632 Vix
358 1600 509 1631 habitura
534 1600 660 1631 locum!
715 1599 882 1639 Saevoque
908 1598 1040 1630 iubente
1066 1602 1206 1638 tyranno

266 1650 365 1681 Nasci
392 1657 497 1688 poena
523 1646 594 1690 fuit,
624 1649 714 1680 cuius
739 1648 813 1679 tulit
840 1648 981 1688 impetus
1007 1656 1132 1689 aevum,

265 1699 365 1738 Quem
392 1696 529 1729 nescivit
556 1696 619 1737 agi,
646 1697 698 1737 qui
729 1696 885 1738 perdidit.
939 1696 964 1728 Ο
992 1705 1075 1728 nova
1101 1695 1217 1728 mortis

266 1746 433 1785 Condicio,
463 1745 564 1777 solum
593 1746 691 1777 vitam
719 1754 780 1785 pro
807 1743 869 1777 tine
898 1743 1008 1776 subire

268 1796 323 1833 Et,
352 1804 422 1826 cum
450 1795 554 1834 prima
583 1794 652 1825 dies
676 1798 773 1834 atque
797 1793 910 1825 ultima
937 1793 979 1824 sit
1007 1793 1101 1825 simul
1126 1802 1199 1835 una,

268 1845 366 1876 Posse
393 1844 495 1883 magis
522 1852 617 1883 quam
646 1844 730 1874 scire
758 1843 852 1875 mori.
903 1842 981 1883 Quis
1007 1842 1131 1874 lumine
1158 1843 1245 1875 sicco

268 1894 335 1926 Aut
361 1892 482 1933 gemitu
508 1896 656 1923 cessante
682 1895 779 1931 queat
806 1899 985 1923 memorare
1014 1891 1123 1931 Pilati,

267 1942 359 1981 Quod
389 1939 509 1972 deflent
537 1941 708 1972 elementa.
736 1938 856 1973 nefas?
905 1941 974 1980 Quo
999 1940 1108 1971 iudice
1135 1938 1284 1972 Christus

268 1989 415 2022 Subdere
442 1998 502 2029 pro
531 1989 642 2022 mundi
671 1988 773 2021 voluit
800 1998 857 2020 sua
890 1987 1033 2020 membra
1062 1988 1208 2028 periclis,

269 2040 313 2072 Ut
341 2038 472 2070 carnale
499 2039 618 2070 malum
647 2047 722 2070 caro
750 2038 891 2069 solveret
918 2041 951 2068 et
979 2035 1067 2068 ferus
1094 2037 1210 2079 hostis,

269 2088 368 2120 Cuius
394 2089 435 2120 ab
464 2087 592 2127 ingenio
617 2085 781 2118 fluxerunt
808 2086 875 2118 tela
901 2085 1028 2120 veneni,

274 2138 430 2170 Perderet
458 2136 582 2176 antiqui
609 2136 781 2168 lacrimosa
808 2135 939 2176 piacula
967 2133 1045 2166 belli

269 2184 409 2218 Materia
438 2189 613 2225 superante
639 2185 724 2224 pari,
753 2193 813 2216 nec
840 2183 984 2216 criminis
1007 2183 1093 2215 ultra

269 2235 334 2267 Per
360 2233 505 2266 subolem
533 2234 705 2274 prodesset
732 2242 823 2267 onus.
877 2231 1053 2265 Damnatio
1078 2232 1154 2265 iusti

268 2284 420 2316 Libertas
447 2287 495 2314 est
522 2281 609 2314 facta
636 2283 712 2315 reis.
765 2281 816 2313 De
843 2281 966 2314 semine
994 2281 1087 2313 verbi

270 2334 332 2367 Per
358 2336 414 2365 tua
441 2331 525 2364 dona
566 2332 648 2364 colis
675 2332 839 2372 signisque
866 2329 1039 2363 novalibus
1066 2339 1136 2370 usa,

231 2422 235 2423 ⁷
268 2382 413 2423 Colligat
439 2381 502 2413 ista
529 2390 642 2413 manus
671 2385 703 2413 te
731 2379 951 2412 fructificante
976 2380 1150 2420 maniplos,

269 2432 319 2464 De
343 2430 459 2472 quibus
483 2430 553 2471 ipse
580 2430 627 2462 tui
655 2438 830 2470 componas
858 2429 976 2461 horrea
1002 2429 1083 2461 caeli

269 2480 510 2520 Triticeamque
535 2479 632 2512 fidem
658 2479 738 2511 lolio
764 2480 923 2520 pereunte
949 2486 1096 2512 corones.
