1650 2727
677 128 920 165 —34-

223 228 268 260 Et
293 227 395 259 sensit
420 225 565 260 officium
846 228 904 263 11.
931 226 958 260 Ο
983 227 1068 260 mira
1092 224 1256 258 festivitas

276 278 405 309 Intacta
431 276 633 313 modernum,
981 275 1113 307 Domini
1139 273 1269 313 natalis,

229 325 336 358 Solem
362 325 518 367 iustitiae,
932 323 1002 363 Qua
1028 323 1158 365 peperit
1183 321 1318 355 castitas

277 382 385 414 regem
412 373 561 415 paritura
586 381 771 413 supernum.
980 371 1086 404 Deum
1109 370 1289 413 virginalis,

935 420 1106 462 Particeps
1135 418 1305 460 virginitas

982 469 1039 501 Fit
1063 468 1151 502 vitae
1179 467 1333 509 carnalis,

934 517 1037 549 Decet
1063 518 1097 550 in
1122 517 1183 549 hac
1210 515 1315 548 solitis

983 575 1090 606 poena
1116 574 1228 598 carere
1254 564 1360 598 malis.

167 444 199 477 8.
228 443 320 476 Paris
349 451 425 482 ergo
453 441 617 473 mentibus

276 491 319 524 Et
346 491 462 530 plausu
490 499 608 522 canoro

230 541 413 574 Psallamus
439 540 473 571 in
500 538 650 570 domibus

279 589 415 630 Linguis
442 593 471 620 et
498 588 530 618 in
559 587 669 627 choro,

231 638 296 671 Sed
323 637 440 677 quibus
466 641 498 667 te
525 636 678 668 laudibus

280 686 434 723 Efferam,
460 687 586 725 ignoro,
854 686 910 718 12.
936 683 1025 725 Ergo
1051 691 1151 724 parce
1176 682 1316 723 miseriS,

229 736 375 777 Femina,
406 734 538 767 caelesti
985 733 1145 774 Magister
1170 731 1286 773 perite,

280 786 378 824 digna
404 787 535 824 reperta
563 783 671 816 choro.
936 781 1097 813 Miserere
1122 780 1263 813 miseriis

985 831 1134 862 Aliorum
1161 830 1234 871 rite,

937 879 981 911 Et
1008 879 1036 911 si
1062 878 1156 911 nobis
1183 878 1306 911 dixeris

983 928 1124 960 Licitum
1153 928 1233 960 dans
1259 927 1319 971 Ite,

938 977 1044 1009 Detur
1069 976 1245 1010 inoffensae

987 1026 1046 1058 tibi
1072 1030 1175 1058 metas
1202 1031 1336 1066 tangere
1362 1025 1458 1058 vitae.

168 854 202 886 9.
229 853 343 888 Stella,
370 852 470 884 maris

230 902 358 942 Expers
386 902 474 941 paris

282 952 403 982 Contra
429 949 509 982 iuris
537 949 681 991 regulam

229 1000 332 1031 Deum
360 999 461 1038 paris,

229 1049 339 1088 Virgo.
367 1048 456 1087 paris

281 1098 455 1136 inexperta
482 1096 643 1135 copulam.

230 1147 345 1182 Homo,
372 1144 488 1177 fraude
854 1144 911 1178 13.
939 1143 1083 1175 Petimus
1110 1143 1273 1175 licentiam

232 1195 329 1226 Pulsa
357 1195 472 1234 gaude,
988 1193 1180 1224 Imminente
1206 1191 1301 1225 festo.

280 1243 350 1276 Deo
376 1244 497 1283 praebe
525 1243 672 1282 gloriam,
942 1241 1068 1274 Relaxa
1095 1240 1253 1274 familiam

232 1292 344 1324 Mente
371 1292 501 1332 plaude.
989 1291 1068 1323 Cum
1100 1291 1191 1322 vultu
1217 1290 1375 1330 modesto,

235 1341 279 1374 Ut
307 1342 347 1373 de
374 1341 470 1372 laude
939 1339 994 1371 Ad
1021 1340 1278 1372 misericordiam

283 1390 498 1429 Consequaris
526 1389 664 1421 veniam.
986 1388 1138 1421 Dandam
1165 1389 1238 1428 pius
1265 1392 1346 1429 esto,

939 1436 1007 1469 Fac
1033 1437 1129 1470 modo
1155 1437 1315 1470 iustitiam

156 1459 212 1491 10.
239 1458 333 1491 Istud
357 1462 405 1489 est
433 1457 649 1495 sollemnium,
988 1487 1047 1518 tibi
1092 1496 1163 1518 nam
1239 1490 1315 1518 sunt
1357 1493 1491 1518 munera

1176 1513 1183 1529 5

284 1508 321 1539 In
348 1516 410 1546 quo
438 1511 552 1538 eontra
579 1515 711 1546 morem,

237 1556 346 1596 Virgo,
375 1555 571 1595 parientium
1312 1538 1453 1576 praesm·

285 1604 359 1636 Non
386 1614 483 1644 passa
510 1603 657 1636 dolorem

238 1653 400 1693 Peperisti
429 1652 542 1692 filium,
861 1654 917 1687 14.
945 1653 979 1686 Si
1008 1653 1139 1686 dederis
1166 1654 1290 1686 licitum

286 1702 390 1734 Deum
417 1701 607 1742 genitorem,
991 1704 1114 1743 pueris,
1142 1702 1294 1735 mercede
1318 1701 1438 1735 frueris

235 1751 290 1783 Ad
317 1751 446 1783 laudem
475 1750 606 1783 Domini
944 1751 998 1785 Et.
1027 1752 1054 1783 si
1082 1750 1167 1784 sorte
1194 1760 1304 1793 negas,

287 1804 432 1832 nostrum
463 1799 597 1832 ditantis
617 1800 782 1834 honorem.
993 1801 1038 1832 sis
1068 1805 1190 1843 certus,
1220 1801 1307 1842 quod
1334 1799 1491 1840 punieris.

217 1876 339 1904 collect.
363 1886 415 1904 1115.
438 1877 626 1904 Victorinum
651 1885 727 1905 saec.
752 1875 796 1905 13.
832 1880 862 1904 et
885 1874 944 1914 14.]
978 1878 1049 1905 Cod.
1072 1876 1201 1905 Parisin.
1227 1875 1335 1905 11412.
1360 1892 1394 1895 —
1420 1875 1453 1910 1,
1477 1875 1491 1904 1

140 1917 360 1952 Dagistrorum.
386 1930 418 1933 —
441 1915 468 1949 2,
495 1918 512 1941 ὅ
534 1916 691 1943 honorum.
715 1932 752 1936 —
773 1915 802 1949 3,
862 1917 911 1943 sit.
932 1931 970 1936 -—
992 1917 1019 1944 6.
1040 1916 1060 1944 4
1081 1917 1209 1945 Prorsus
1230 1925 1283 1953 per
1304 1925 1336 1943 se
1357 1916 1435 1944 dete.
1455 1931 1494 1935 —

141 1955 185 1988 11,
203 1954 220 1982 6
237 1956 286 1983 Fit
299 1954 385 1985 t'ehltg
407 1955 498 1991 ver-gl.
516 1955 566 1981 Nr.
586 1954 647 1986 102,
665 1956 722 1983 Str.
741 1955 785 1989 14,
801 1953 828 1982 6.
844 1971 881 1975 -
899 1954 942 1989 12,
958 1954 976 1983 5
991 1965 1035 1992 sq.
1050 1955 1162 1990 fehlen3
1178 1955 1272 1992 vergl.
1288 1955 1340 1983 Nr.
1354 1953 1419 1988 10¹2,
1436 1955 1494 1984 Str.

141 1994 186 2027 16,
208 1994 225 2022 5
248 2004 290 2031 sq.
315 2009 350 2013 Ἠ
375 1993 419 2021 15³¹.
442 1995 460 2021 ὅ
482 1994 536 2021 tibi
558 2003 618 2021 non
642 1998 719 2022 sunt.

468 2108 532 2139 102.
576 2108 635 2140 Pro
658 2108 835 2140 vacatione
853 2107 886 2140 in
908 2107 1015 2140 Natali
1038 2108 1171 2141 Domini.

403 2190 578 2223 Doctorem
604 2193 750 2223 nostrum
777 2198 951 2231 puerorum
981 2190 1076 2223 turba
1102 2191 1233 2234 salutat,

474 2239 558 2272 Nam
587 2239 667 2271 nihii
693 2239 804 2272 utilius
831 2247 903 2272 esse
928 2239 1033 2272 salute
1058 2244 1162 2280 putat.

186 2329 219 2362 1.
247 2329 382 2366 Doctor,
409 2331 518 2359 vatum
545 2326 660 2368 gloria,
949 2327 1020 2359 Rex
1047 2328 1103 2368 qui
1127 2328 1211 2368 regit
1236 2329 1355 2369 omnia,

296 2377 405 2410 Decus
430 2385 567 2417 morum,
595 2374 648 2408 eui
998 2375 1049 2408 Sit
1074 2380 1241 2418 protector
1266 2378 1325 2420 tui,

248 2427 349 2460 Dedit
373 2424 532 2467 sapientia
952 2423 1043 2458 Dans
1070 2424 1130 2458 tibi
1156 2430 1318 2468 perpetua

297 2475 463 2509 Primitias
488 2474 548 2517 sui,
1001 2474 1223 2516 prosperitate
1250 2474 1326 2511 frui.
