1650 2727
156 390 187 422 1.

146 1372 183 1405 V.

669 151 812 188 —41

255 245 302 277 In
339 246 370 278 2.
399 245 638 282 Nocturno.

342 312 544 349 Antiphonae.

219 390 278 424 Pie
304 392 482 433 disponens
508 394 617 426 omnia

220 440 302 472 Fert
328 441 415 474 vitae
441 443 627 475 necessaria

218 488 327 531 Begga
355 495 460 523 mater
486 491 660 524 clientibus

218 538 428 580 Mentemque
463 539 519 572 dat
560 542 766 577 caelestibus

185 644 191 651 .
223 616 352 649 Mariae
379 618 493 651 matris
522 619 657 660 virginis

219 665 383 707 Exemplo
409 667 517 708 praeit
542 669 693 701 omnibus

219 714 466 757 oboedientem,
497 716 650 749 humilem

219 763 413 806 Castamque
437 766 535 797 vitam
557 767 764 808 praedicans.

178 869 185 876 .
217 842 271 875 Sic
300 843 440 876 tiliarum
467 844 604 885 gloriam

217 892 310 924 Intus
336 901 398 933 per
424 893 549 925 Christi
576 895 714 935 gratiam

218 941 442 980 Demonstrat,
469 946 538 975 tota
564 944 695 976 caelicis

217 989 457 1031 Obtemperans
481 993 633 1025 oraculis.

333 1108 547 1144 Responsoria.

168 1203 174 1209 .
209 1175 274 1208 Cor
299 1178 340 1209 ad
370 1179 537 1212 Christum
565 1179 744 1214 anhelabat

211 1225 256 1257 Et
282 1226 314 1258 in
335 1227 418 1266 loco,
446 1236 540 1267 quem
560 1229 763 1262 monstrabat

216 1274 384 1315 Dominus,
412 1280 537 1315 septeni
565 1276 726 1310 fundabat

262 1324 410 1366 Pervigil
437 1326 604 1359 ecclesias.

211 1373 266 1405 Ad
294 1374 432 1406 salutem
459 1374 640 1407 animarum

212 1422 288 1455 Iesu
316 1423 446 1455 Christo
475 1423 667 1456 devotarum

215 1470 304 1503 Piam
333 1473 433 1504 vitam
462 1472 678 1514 Begginarum

264 1521 472 1554 Postmodum
501 1522 654 1555 instituit.

171 1624 178 1632 .
212 1600 266 1632 Ad
299 1601 468 1641 exemplar
495 1601 617 1634 Christi
647 1603 760 1635 matris

213 1649 421 1682 Voluntatem
450 1651 566 1681 summi
595 1652 699 1692 patris

211 1698 476 1731 Fundamentum
505 1700 637 1740 pietatis

257 1748 412 1780 Asseclas
441 1748 581 1781 edm-uit.

211 1797 403 1830 Castitatem
432 1798 549 1830 mentis
575 1796 656 1831 flore

210 1846 253 1879 Et
280 1846 496 1880 humilitatem
524 1857 612 1880 more

208 1894 455 1929 observandam
485 1897 553 1928 vult
580 1899 698 1931 decore

258 1945 335 1978 Cum
364 1946 583 1981 oboedientia.

210 2025 374 2058 Moritura
402 2030 507 2058 mater
533 2026 588 2066 pia

208 2074 342 2107 Caelum
370 2076 507 2116 suscipit
534 2076 567 2107 in
596 2076 659 2116 via,

206 2125 308 2165 Quam
337 2125 479 2158 calcavit
506 2134 577 2156 cum
605 2125 725 2167 Maria,

258 2174 391 2216 Virgine
419 2174 566 2215 deipara.

172 2250 180 2258 .
214 2224 342 2256 Vocans
369 2229 493 2257 turmas
521 2223 660 2257 filiarum

206 2273 322 2308 Cibum
351 2275 435 2315 petit
461 2273 655 2313 animarum,

208 2323 456 2356 Sacramentum
484 2322 606 2355 Christi
631 2331 755 2362 carum,

254 2372 414 2407 Ultimum
443 2372 609 2406 viaticum.

861 370 894 402 1.

857 1264 898 1298 V.

861 1483 892 1514 ΕΟ

961 253 1005 284 In
1043 255 1074 288 3.
1113 253 1347 288 Nocturno.

1054 310 1254 347 Antiphonae.

928 370 1069 403 Humilis
1096 371 1215 403 ant-illa
1241 372 1374 412 Christi,

925 418 1025 458 Quem
1055 419 1220 452 ferventer
1248 421 1406 458 dilexisti,

927 467 1072 508 Regnum
1100 470 1168 500 eius
1196 471 1393 512 percepisti3

977 516 1044 549 Nos
1072 519 1208 549 clientes
1236 520 1372 560 respice.

887 611 894 617 .
929 585 1059 618 Castam
1084 586 1302 628 humilemque
1323 593 1473 628 mentem,

926 635 1051 675 Iugiter
1078 636 1315 679 oboedientem,

926 683 1057 716 Christo
1084 686 1138 725 pie
1163 685 1404 727 adhaerentem,

973 733 1098 775 Mater,
1126 734 1220 766 nobis
1244 735 1394 775 impetra.

884 827 892 835 .
925 801 1045 842 Begga,
1075 808 1180 835 mater
1207 804 1360 844 gloriosa.

925 851 1074 884 Paradisi
1104 862 1243 884 vernans
1277 863 1358 889 rosa,

924 900 1005 932 Esto
1031 901 1123 933 nobis
1151 902 1293 941 gratiosa

975 951 1071 990 Apud
1102 951 1264 983 Christum
1294 952 1446 985 iudicem.

1043 1019 1254 1054 Responsuria.

883 1095 890 1102 .
923 1068 1114 1100 Meritorum
1144 1073 1211 1100 tota
1239 1069 1345 1109 plena.

924 1117 1087 1149 Christum
1104 1117 1219 1157 flagrat
1240 1128 1328 1150 mens
1343 1129 1467 1161 serena,

922 1166 1010 1205 Quae
1039 1166 1153 1198 beatur
1181 1168 1266 1198 vitae
1295 1177 1375 1199 veni

970 1216 1123 1248 Tendens
1150 1216 1190 1247 ad
1221 1217 1384 1250 caelestia.

925 1264 1045 1306 Begga,
1074 1270 1178 1296 mater
1205 1265 1349 1304 pietatis,

923 1313 1098 1354 Speculum
1128 1314 1330 1346 humilitatis

922 1363 974 1395 Ad
1004 1362 1187 1403 profectum
1214 1365 1399 1397 sanctitatis

971 1412 1110 1452 Gregem
1139 1418 1227 1443 tuum
1257 1413 1371 1453 dirige.

923 1482 1042 1514 Sancta
1070 1486 1184 1523 mater,
1216 1482 1326 1514 vivens
1354 1484 1457 1523 caelo,

920 1530 988 1563 Nos
1017 1531 1150 1563 clientes
1178 1540 1271 1563 sacro
1299 1532 1380 1572 zelo,

920 1579 1003 1612 Dum
1032 1585 1178 1612 artamur
1205 1581 1237 1612 in
1267 1581 1325 1613 hoc
1353 1582 1448 1622 prelo

969 1629 1097 1662 Carnis.
1126 1639 1281 1670 praesens
1308 1631 1441 1665 adiuva.

922 1678 1011 1711 Tuae
1039 1679 1125 1711 vitae
1154 1679 1349 1719 institutum,

922 1727 1022 1760 Sacra
1044 1729 1160 1762 semita
1189 1729 1355 1767 virtutum,

921 1777 964 1810 Ut
993 1778 1034 1809 sit
1062 1778 1155 1810 nobis
1182 1778 1246 1810 iter
1273 1782 1387 1821 tutum,

969 1828 1068 1868 Apud
1097 1828 1201 1860 Deum
1230 1832 1352 1869 satage.

961 1907 1005 1939 In
1042 1909 1072 1942 2.
1114 1908 1333 1947 vesperis.

1017 1965 1062 1992 Ad
1085 1964 1269 2001 Magnificat.

883 2052 888 2057 .
918 2028 1000 2066 Ave,
1029 2032 1133 2058 mater
1159 2026 1317 2067 speciosa.

970 2076 1090 2107 clarior
1116 2075 1291 2114 sideribus,

921 2125 1020 2158 Cuius
1048 2126 1171 2157 vultum
1201 2134 1239 2157 ac
1267 2125 1418 2157 decorem

968 2175 1154 2215 concupivit
1185 2174 1352 2208 Dominus,

918 2223 1038 2256 Sancta
1066 2224 1185 2264 Begga.
1215 2224 1432 2264 Begginarum

966 2278 1080 2314 mater,
1112 2273 1202 2305 dives
1230 2274 1367 2315 meritis,

918 2322 1034 2354 Funde
1062 2331 1176 2363 preces
1204 2323 1407 2363 redemptori

966 2381 1026 2412 pro
1053 2373 1116 2404 tuis
1144 2372 1360 2412 supplicibus,

187 2449 296 2479 Officia
311 2451 490 2480 Sanctorum
506 2449 796 2486 Archiepiscopatus
811 2449 1042 2478 Ultraiectensis
1063 2454 1091 2478 et
1115 2451 1341 2487 episcopatuum
1366 2449 1467 2477 suffra-

105 2499 282 2528 ganeorum.
305 2491 451 2520 Coloniae
483 2488 566 2517 1641.
595 2504 632 2509 --
656 2490 690 2517 In
722 2489 745 2517 l.
768 2489 855 2518 Noct.
877 2487 907 2518 B
934 2487 966 2523 3,
994 2489 1012 2517 4
1041 2490 1198 2518 Pietatem.
1221 2503 1259 2507 —
1283 2489 1327 2515 Ad
1351 2489 1469 2517 Laudes

103 2530 180 2559 alles
202 2531 358 2568 proeaisch
364 2552 370 2558 .
