1650 2727
692 156 959 193 —129—

180 257 218 289 4.
244 255 320 290 Una
344 264 424 289 voce
450 255 578 288 tollitur

243 305 364 347 Iustus,
393 303 603 337 constituitur

292 351 446 386 Pontifex
473 352 628 392 civitatis,

243 401 350 435 Docet
375 402 530 434 mundum
558 410 724 445 spernere,

243 451 379 484 Caelum
408 459 538 492 semper
564 459 734 494 quaerere,

293 499 415 532 Locum
443 499 651 540 securitatis3

173 549 210 583 V.
240 549 352 582 Novus
392 548 522 590 praesul
551 547 657 581 factus
684 548 792 589 gregis

242 597 393 631 Formam
429 594 533 630 tenet‘
552 598 669 630 summi
695 597 791 638 regis,

290 645 408 680 Sedem
435 646 638 681 humilitatis,

273 855 320 887 In
357 855 390 889 3.
426 853 664 887 Nocturno.

368 960 414 989 Ad
435 960 571 987 Cantica.

175 1072 218 1104 A.
246 1071 439 1104 Sanctorum
466 1067 659 1108 sapientiam

295 1117 461 1151 Narrabat
487 1117 592 1150 omnis
619 1117 771 1158 populus,

243 1167 364 1200 Eorum
393 1166 633 1208 providentiam

295 1216 378 1256 Quia
405 1215 559 1248 cernebat
584 1215 707 1248 oculus.

353 1342 568 1376 Responsoria.

185 1444 217 1475 1.
245 1440 426 1474 Fabricant
454 1440 635 1482 ecclesiam,

292 1489 432 1523 Domum
461 1490 628 1529 orationis,

340 1539 436 1572 Foris
463 1542 590 1580 portam
616 1538 792 1581 Antoniae,

245 1589 421 1621 Praestant
447 1589 494 1620 ibi
521 1587 659 1628 gratiam

293 1638 399 1672 Causa
427 1637 610 1670 devotionis

342 1686 504 1719 Euntibus
532 1685 688 1727 cottidie;

172 1737 214 1770 V.
244 1735 414 1768 vacabant
436 1735 539 1768 sacris
566 1735 695 1776 studiis,

242 1785 393 1826 Hymnis‚
420 1785 568 1825 psalmis,
596 1784 734 1826 ieiuniis,

242 1834 474 1867 Doctrinarum
502 1833 633 1875 vigiliis.

181 1955 216 1988 2.
241 1948 423 1994 Elegerunt
449 1953 665 1994 asperrimum

292 2003 451 2036 Ferarum
478 2001 665 2035 animalium

241 2051 366 2084 Locum
393 2051 491 2084 valde
519 2051 742 2093 deterrimum,

291 2101 492 2134 Daemonum
520 2100 741 2143 infernalium,

171 2150 212 2185 V.
240 2150 441 2184 Consecrant
467 2150 530 2183 Dei
555 2150 720 2190 laudibus,

290 2200 347 2234 Fit
371 2209 499 2234 sacrum
527 2199 728 2232 domicilium

240 2249 375 2283 Cunctis
400 2253 576 2292 purgatum
602 2249 768 2282 sordibus.

183 2369 218 2405 3.
244 2368 361 2403 Carnis
387 2369 544 2411 degentes
570 2367 721 2401 sensibus

243 2418 467 2453 Sucurrebant
493 2417 692 2457 dolentibus,

240 2467 493 2510 Quibuscuuque
518 2466 731 2509 languoribus

241 2518 316 2552 Suis
342 2517 558 2558 orationibus,

197 2579 345 2608 Dravus,
367 2578 514 2602 Historiae
532 2576 730 2608 Rhythmicao.
762 2575 841 2600 V111.

882 255 923 289 V.
951 256 1121 297 Imperant
1149 256 1373 297 daemonibus,

954 305 1085 338 Pellunt
1111 304 1151 336 de
1178 305 1382 346 corporibus,

951 353 1121 386 Assistunt
1147 353 1387 387 invocantibus.

891 452 924 483 4.
952 451 1043 483 Iusta
1068 451 1163 482 iustis
1191 451 1281 482 venit
1309 451 1391 492 dies,

952 500 1021 539 Quo
1048 499 1201 540 perennis
1229 500 1329 532 datur
1355 500 1445 540 quies

1002 548 1170 580 Viantium
1198 548 1377 587 laboribus,

953 596 1118 630 Redditur
1143 597 1239 628 simul
1265 597 1370 637 gloria

952 644 1148 686 conformis,
1176 656 1238 686 par
1265 646 1403 678 victoria

1001 695 1091 727 Iusto
1107 699 1139 726 et
1154 694 1314 728 Clementi
1332 694 1501 728 fratribus.

883 742 921 774 V.
951 744 1048 781 Ecce,
1078 752 1154 775 vere
1181 743 1279 776 datur
1306 745 1372 776 vita

953 792 1061 833 Digna
1088 793 1218 825 mortali
1246 792 1338 825 finita

1004 841 1136 874 Domini
1165 841 1420 875 confessoribus.

1022 990 1066 1021 In
1098 989 1334 1022 Laudibus,

1047 1068 1144 1102 Super
1165 1067 1312 1094 Psalmos.

882 1145 924 1180 A.
954 1147 1071 1179 Terret
1099 1155 1203 1186 poena
1231 1147 1441 1178 detrahentes

1005 1195 1113 1227 Beatis
1141 1194 1383 1228 confessoribus

953 1245 1056 1284 Duos,
1082 1244 1136 1284 qui
1164 1244 1244 1276 fiunt
1273 1245 1415 1285 rigentes

1004 1293 1160 1334 Corporis
1175 1293 1330 1326 membris
1340 1293 1501 1329 omnibus.

1051 1410 1096 1437 Ad
1119 1409 1308 1437 Benedictus.

879 1480 924 1512 A.
952 1480 1153 1512 Benedictus
1181 1489 1235 1512 rex
1266 1481 1390 1521 gloriae

954 1529 1014 1566 Sit,
1042 1530 1096 1570 qui
1125 1530 1277 1561 caelestis
1305 1531 1432 1569 patriae

1001 1577 1105 1619 Regni
1134 1577 1260 1611 confert
1289 1588 1404 1611 munus

953 1626 1093 1667 Sanctis,
1122 1637 1257 1668 quorum
1287 1629 1440 1669 precibus

954 1676 1058 1709 Nobis
1084 1678 1347 1717 supplicantibus

1002 1725 1065 1758 Det
1093 1727 1198 1759 trinus
1226 1731 1257 1758 et
1285 1736 1377 1760 unus.

1047 1875 1128 1907 Per
1155 1874 1306 1908 Horas,

1073 1951 1119 1979 Ad
1133 1953 1283 1983 Primam.

876 2032 918 2067 A.
946 2032 1110 2064 Horarum
1140 2032 1270 2074 vigiliae

1001 2081 1063 2115 Per
1091 2083 1149 2114 lios
1180 2087 1254 2114 sunt
1282 2082 1477 2125 custoditae,

952 2131 1047 2163 Nunc
1074 2131 1116 2163 ad
1144 2130 1262 2163 bonum
1291 2131 1415 2173 gloriae

1000 2180 1150 2213 Audiunt
1181 2179 1304 2216 Venite.

1072 2297 1118 2326 Ad
1139 2298 1284 2326 Tertiam.

877 2369 921 2402 A.
948 2367 1083 2401 Fideles
1110 2367 1165 2400 isti
1193 2368 1325 2401 Domini

1002 2416 1095 2450 Servi
1124 2422 1199 2450 sunt
1226 2418 1368 2458 probati,

953 2466 1019 2500 Suo
1047 2467 1162 2500 dantes
1189 2467 1325 2507 nomini,

1002 2517 1091 2557 Quae
1117 2520 1193 2548 sunt
1219 2515 1358 2559 operati.

1309 2572 1327 2601 9
