1650 2727
699 147 966 183 —106—

198 244 230 278 9.
259 244 286 277 O
313 253 408 284 quam
433 253 549 287 magna
576 250 610 277 tu
638 245 756 288 fecisti,
882 247 938 282 10.
965 246 1050 280 Caro
1077 245 1181 288 cibuS,
1209 246 1340 286 sanguis
1368 245 1491 287 viuum,

259 292 345 325 Dum
372 298 414 336 te,
443 293 582 335 Christe,
606 295 801 336 impressisti
962 295 1023 327 Est
1050 295 1239 336 mysterium
1267 294 1423 332 divinum,

260 342 356 374 Panis
383 346 414 374 ct
441 343 508 375 vini
538 344 647 383 specie
963 344 1050 377 Huic
1075 345 1119 376 sit
1143 344 1214 376 laus
1241 346 1274 375 et
1300 343 1404 383 gloria

258 389 446 424 Obfantium
474 392 506 424 in
536 391 630 426 facie.
962 393 1000 425 In
1027 393 1229 425 saeculorum
1257 391 1399 426 saecula.

584 488 638 522 R⁰
664 490 738 529 Eia,
765 490 941 522 iubilantes

667 539 798 570 Vultum
823 539 966 571 attollite

665 587 787 619 Nostro
814 588 964 627 creatori,

665 636 874 676 Symphoniis
901 636 1098 677 hymnidicis

713 685 878 718 Christum
903 686 1018 719 zelate.

234 781 324 810 Grad.
354 791 406 808 ms.
439 781 640 808 Altovadense
668 782 740 808 anni
765 779 847 808 1410.
870 781 940 808 Cod.
962 781 1140 808 Altovaden.
1161 778 1208 807 42.
1231 781 1264 808 A.
1289 795 1322 800 —
1347 780 1431 807 Cant.
1454 789 1508 808 ms.

156 820 390 857 Vissegradense
418 830 494 848 saec.
520 819 564 847 15.
587 820 657 848 eod.
682 821 780 854 Capit.
801 820 1012 857 Vissegraden.
1042 829 1066 847 s.
1094 830 1123 847 n.
1152 819 1202 852 (ol.
1225 820 1251 846 V
1273 819 1296 846 C
1317 828 1329 847 ε
1354 822 1389 853 η).
1412 820 1447 847 B.
1470 836 1506 839 —

157 860 240 887 Orat.
273 869 325 886 ms.
354 859 547 895 I'ollingense
577 861 648 886 anni
680 858 762 886 1501.
790 859 863 887 Clm.
893 859 1049 886 Monacen.
1080 857 1189 885 11922.
1220 858 1250 885 C.
1281 873 1316 878 --
1343 860 1428 886 Cant.
1454 867 1508 886 ms.

155 899 306 935 Pragenst·
328 898 509 926 ‹xm-nceslai
532 898 567 925 de
592 898 773 933 XVyskytnal
794 900 863 925 anni
888 896 971 924 1512.
994 897 1065 925 Cod.
1088 898 1165 925 Mus.
1190 897 1309 925 Bohem.
1334 899 1409 925 XIII
1433 898 1457 925 Α
1480 896 1507 925 2.

155 938 192 965 D.
217 954 251 957 ——
279 938 302 970 1,
324 937 342 964 2
358 940 452 972 Quam
470 940 501 965 t).
523 953 560 956 —
583 936 609 968 2-3,
631 936 649 965 3
671 939 766 964 virtus
789 941 833 964 est
849 938 885 964 D.
908 951 947 955 —
968 935 995 968 4,
1021 936 1033 963 1
1058 946 1162 963 norma
1177 937 1240 963 BD.
1264 953 1299 956 —
1321 935 1349 969 4,
1373 935 1391 963 2
1412 937 1507 964 forma

155 978 217 1004 BD.
250 992 282 995 —
307 977 339 1005 ἶ»,
374 977 385 1004 1
410 981 453 1003 est
477 978 563 1012 panis
586 977 636 1003 sed
658 981 703 1003 est
729 977 811 1003 ΗΕΒ.
835 992 869 995 -
893 975 924 1008 6,
955 974 972 1002 2
995 977 1208 1003 lnconsumens
1230 975 1262 1002 fit
1283 976 1346 1003 BD.
1368 990 1405 994 ——
1427 974 1460 1009 8,
1489 976 1507 1004 3

153 1017 222 1043 Tibi
253 1018 291 1043 sit
319 1017 384 1042 laus
414 1020 441 1042 et
469 1016 568 1051 gloria
589 1017 618 1042 Β.
650 1030 685 1033 -
713 1014 744 1043 ὅ.
775 1014 793 1042 4
816 1017 881 1042 Duc
908 1024 963 1042 nos
991 1015 1042 1042 ubi
1072 1018 1117 1041 est
1143 1015 1194 1042 lux
1216 1016 1285 1049 (Σῦς
1316 1024 1366 1051 per
1389 1014 1507 1043 infinita

155 1056 275 1083 saecula
298 1056 331 1081 Ρ».
356 1070 388 1072 -
413 1054 445 1085 9,
476 1054 487 1081 l
512 1055 574 1081 Aah
597 1063 695 1091 quani.
719 1070 754 1074 —
776 1054 802 1086 9,
825 1053 842 1081 2
865 1055 943 1081 Dum
966 1057 994 1080 te
1017 1055 1096 1080 cruci
1118 1055 1299 1089 impressisti
1322 1055 1357 1081 D.
1381 1069 1419 1072 —
1440 1052 1467 1087 9,
1488 1053 1507 1083 3

155 1095 261 1127 Panis,
290 1095 352 1120 vini
383 1095 413 1120 in
436 1094 565 1129 speciem
587 1095 626 1124 B:
656 1094 725 1120 Vini
749 1097 777 1120 et
799 1095 884 1129 panis
907 1094 1006 1129 speeie
1030 1094 1064 1119 D.
1085 1107 1122 1111 —
1153 1091 1204 1125 10,
1237 1092 1249 1119 1
1273 1092 1359 1125 Caro,
1383 1095 1507 1130 sang-uis

155 1135 251 1169 panis,
281 1135 384 1159 vinum
407 1133 444 1160 D.
467 1147 503 1150 ——
527 1132 583 1159 Str.
607 1131 624 1159 9
646 1132 721 1159 fehlt
747 1134 778 1159 iu
800 1132 837 1164 C,
868 1130 903 1159 10
924 1133 955 1159 in
977 1131 1035 1159 BC.
1078 1132 1241 1159 Dieselben
1265 1132 1407 1160 scheinen
1429 1132 1506 1160 auch

153 1173 277 1199 deshalb
300 1172 418 1204 unveht,
442 1171 509 1198 weil
532 1173 586 1198 mit
602 1172 659 1199 Str.
682 1173 699 1199 t<
723 1172 776 1198 das
792 1171 994 1198 Akrosticbon
1010 1171 1210 1198 Iohannes
1239 1171 1327 1199 endet
1349 1171 1409 1199 und
1428 1172 1506 1200 auch

152 1211 219 1238 dem
247 1209 337 1238 Sinne
370 1213 418 1238 ein
447 1208 607 1238 Abschluss
635 1211 686 1237 des
713 1211 822 1238 Liedes
851 1210 1101 1238 wahrscheinlich
1129 1212 1175 1237 ist.
1205 1224 1239 1228 -—
1270 1211 1424 1238 Verfasser
1453 1211 1504 1239 des

154 1251 262 1278 Liedes
290 1250 482 1277 Iohannes
513 1251 600 1277 lius.
628 1250 694 1286 vgl.
717 1250 804 1276 Anal.
835 1250 863 1282 1,
892 1248 927 1276 51
957 1259 985 1276 u.
1014 1250 1032 1276 f.
1075 1250 1138 1276 Das
1159 1249 1234 1276 Lied
1262 1249 1341 1277 steht
1367 1249 1444 1277 auch
1473 1251 1505 1278 in

154 1290 280 1317 Collect.
310 1299 362 1316 ms,
386 1288 713 1316 Eberhardiclusanum
736 1298 813 1316 saec.
838 1288 882 1316 15.
905 1289 978 1316 eod.
1000 1289 1152 1316 Treviren.
1175 1286 1243 1316 322.
1286 1289 1348 1316 Der
1369 1290 1445 1316 Text
1465 1290 1505 1317 ist

155 1330 226 1357 aber
259 1338 291 1355 so
325 1328 473 1360 schlecht,
506 1328 570 1355 dass
604 1330 669 1355 eine
699 1328 935 1364 Herauziehung
964 1329 1063 1355 seiner
1090 1329 1235 1355 Lesarten
1262 1328 1382 1355 wertlos
1411 1329 1504 1365 τνέιτες

154 1369 265 1396 ebenso
294 1369 342 1395 in:
373 1368 453 1394 Orat.
484 1377 536 1394 ms.
565 1368 661 1394 Vallis
691 1369 810 1395 iocosae
838 1376 916 1394 saec.
948 1366 991 1394 15.
1015 1367 1085 1394 Cod.
1107 1367 1257 1394 Labacen.
1288 1365 1342 1394 147
1372 1369 1426 1395 mit
1453 1367 1506 1396 der

154 1408 335 1434 Aufsehrift:
364 1408 508 1441 „Carmen
530 1407 632 1434 nobile
654 1407 690 1433 de
704 1406 870 1434 venerabili
885 1405 1101 1434 sacrainento“.
1137 1407 1198 1433 Vor
1213 1406 1270 1433 Str.
1285 1404 1304 1433 8
1317 1408 1387 1438 (Str.
1409 1405 1426 1434 9
1443 1407 1505 1435 und

158 1446 193 1474 10
215 1447 325 1478 t'elilen)
346 1446 426 1472 steht
439 1446 491 1472 der
506 1446 668 1472 Rundreim
686 1447 740 1472 mit
753 1446 806 1472 der
822 1440 1021 1473 Uberschrift:
1047 1446 1264 1481 „Repetitio
1287 1444 1503 1474 Iohannis“.

153 1486 220 1522 vgl.
243 1485 318 1513 auch
341 1485 427 1512 Aual.
450 1486 473 1518 Ι,
495 1483 533 1512 43
553 1486 652 1517 (unter
673 1488 709 1519 ὅ).

602 1619 661 1650 126.
706 1619 748 1650 De
770 1618 906 1660 Corpore
928 1617 1055 1650 Christi.

167 1713 197 1745 1.
228 1712 324 1744 Panis
354 1712 445 1742 vivus
471 1711 635 1751 typicatus
871 1713 903 1745 3.
932 1711 967 1742 In
995 1710 1107 1752 figuris
1132 1712 1359 1752 praesignatus

274 1761 432 1792 Reclusus
463 1759 690 1795 velaminibus,
979 1759 1117 1792 Obscuri
1144 1761 1397 1802 aenigmatibuS,

226 1809 418 1842 Sciscitatur
444 1809 633 1849 designatus
930 1809 996 1840 Iste
1025 1813 1074 1840 est
1101 1819 1201 1850 agnus
1229 1810 1324 1842 nobis
1352 1811 1446 1843 datus

273 1858 582 1898 Lugubraminibus,
978 1858 1015 1890 ln
1041 1858 1197 1898 pabulum
1225 1859 1447 1892 credentibus.

225 1907 319 1939 Nune
347 1908 377 1938 in
402 1907 555 1938 mundum
575 1906 794 1946 translegatus
932 1907 998 1939 Iste
1027 1904 1149 1950 [panis]
1178 1909 1348 1948 spiritalis,

274 1956 328 1987 Fit
357 1956 448 1987 cibus
475 1955 657 1987 viatoribus
979 1955 1166 1988 Salubriter
1191 1956 1351 1994 reficiens.

224 2005 268 2037 Et
295 2005 327 2036 in
356 2013 453 2036 cruce
481 2009 528 2035 est
556 2004 685 2035 oblatus
930 2004 1008 2036 Vita
1035 2004 1141 2046 bonis,
1168 2015 1256 2038 mors
1283 2010 1333 2038 est
1358 2007 1466 2046 malis,

276 2053 337 2085 Pro
366 2052 471 2084 foedis
498 2052 737 2092 peccatoribus,
980 2053 1017 2084 In
1045 2063 1080 2084 se
1107 2063 1171 2085 non
1199 2053 1365 2088 deficiens.

165 2153 198 2186 2.
227 2151 293 2183 Iste
320 2151 425 2191 panis,
452 2154 498 2181 est
524 2150 671 2181 credenti
871 2152 905 2185 4.
933 2150 1043 2193 Panis,
1071 2160 1160 2193 ecce,
1187 2152 1387 2196 angelorum,

274 2200 334 2240 Qui
360 2199 474 2231 salutis
502 2199 619 2235 hostia.
981 2199 1054 2232 Non
1082 2200 1264 2233 mittendus
1289 2202 1436 2244 canibus,

226 2249 388 2281 Fideliter
414 2257 448 2279 se
476 2247 621 2279 vescenti
930 2248 990 2280 Est
1018 2247 1124 2281 factus
1150 2249 1240 2282 cibus
1263 2250 1426 2284 viatorum

275 2297 365 2330 Caeli
392 2297 508 2337 pandit
536 2296 630 2329 ostia.
977 2297 1206 2338 Repromissus
1233 2299 1395 2339 patribus.

227 2348 349 2387 Pange,
378 2346 479 2384 exsul,
508 2345 685 2385 typicalem
929 2347 996 2378 Iste
1023 2347 1117 2387 panis
1143 2352 1382 2381 sacramentum

276 2395 461 2428 Recolendo
489 2394 652 2426 victimam
977 2395 1105 2427 Novum
1133 2400 1165 2428 et
1192 2397 1452 2442 celeberrimum,

225 2445 336 2478 Sancti
363 2444 449 2485 agni,
476 2451 559 2484 quae
585 2443 774 2483 paschalem
928 2444 1021 2485 Quod
1047 2445 1216 2486 antiquum
1244 2451 1477 2482 testamentum

275 2494 316 2527 Se
343 2494 435 2526 dedit
462 2492 579 2534 dapem
605 2493 772 2533 optimam.
977 2493 1147 2526 Terminat
1172 2494 1392 2532 durissimum.
