1650 2727
708 169 973 204 —150—

307 268 367 302 Ad
401 268 674 301 Matutinum.
907 268 941 300 3.
967 266 1007 299 In
1033 262 1237 307 paupertatis
1264 261 1382 294 nidulo

438 347 443 352 .
530 347 536 352 .
1014 314 1128 346 Iacens
1155 312 1248 352 virgo
1274 313 1416 346 sacrata.

379 346 599 373 Invntatormm.
967 363 1132 394 Virtutum
1158 359 1285 402 pollens
1311 358 1407 390 titulo

268 425 360 468 Regi,
388 425 443 465 qui
470 425 590 456 mundo
617 423 745 462 claruit,
995 410 1150 465 ‚Chr1st0
1176 407 1388 447 configurata.

319 474 435 507 Cuncti
465 474 576 505 demus
602 473 770 511 honorem,
969 460 1056 513 Slne·
1072 466 1275 514 nummorum
1301 456 1408 488 1001110

269 523 371 555 Lucia
399 522 486 554 cruci
513 521 665 562 praebuit
1019 508 1108 539 VlVlt
1133 507 1297 539 allel'fflta-

320 572 455 605 Crucem
484 580 595 602 amans
622 578 775 602 amorem.
903 557 930 589 V
935 577 1470 590 ··········

1034 675 1470 687 ........

312 709 359 741 In
389 707 418 738 1.
447 706 676 738 Nocturno.

393 782 594 818 Antiphonae.

1002 809 1049 841 In
1084 810 1116 841 2.
1152 808 1390 840 Nocturno.

214 867 244 897 1.
273 864 364 895 Haec
391 861 482 902 virgo
509 859 773 900 prudentissima,

323 912 423 950 Virgo
444 909 580 950 fulgens,
608 908 667 940 flos
690 906 816 945 florum,
1099 894 1300 930 t⁵*11t51’h⁰¹¹‘'³¹‘³·

276 961 377 992 Lucia
405 958 670 997 splendidissima
1339 990 1345 996 ·

325 1006 494 1046 Virginum
521 1007 621 1037 intrat
649 1003 794 1035 chorum.
918 993 948 1026 1·
977 992 1108 1032 Pauper
1133 991 1289 1023 affectans
1317 999 1427 1022 Vlvel'e

1028 1040 1229 1080 Pauperibus
1256 1048 1291 1070 se
1317 1039 1432 1079 vinxit,

217 1097 248 1128 2.
280 1092 449 1126 Francisci
477 1096 590 1123 tenens
618 1090 790 1123 formulam
977 1089 1163 1121 Adnullans
1190 1096 1224 1120 se
1250 1088 1282 1119 in
1311 1088 1420 1118 cinere

325 1143 417 1174 Haec
444 1141 534 1180 virgo
561 1141 632 1172 Deo
658 1142 751 1179 grata
1029 1138 1145 1171 Cilicio
1170 1134 1236 1180 [se]
1266 1136 1377 1168 cinxit.

280 1189 479 1224 Illuminavit
506 1189 649 1229 regulam
1270 1223 1276 1229 ι
1410 1223 1415 1229 ·

330 1241 456 1280 sponso
484 1237 614 1270 Christo
642 1236 760 1268 dicata.
923 1226 954 1258 2·
983 1224 1161 1264 Tamquam
1188 1223 1295 1256 fidehS
1323 1223 1433 1255 dOCUIt

1033 1273 1170 1305 Sorores
1196 1272 1379 1304 castitatem

221 1331 253 1362 3.
282 1326 398 1360 Mundi
426 1334 583 1365 spernens
612 1323 745 1355 delicias
983 1322 1027 1354 Et
1051 1331 1181 1362 semper
1208 1330 1262 1352 eas
1288 1320 1413 1353 monuit

331 1375 411 1407 Vult
439 1374 604 1406 Christum
634 1373 789 1410 invenire,
1035 1371 1162 1404 Sectari
1189 1370 1409 1403 sanctitatem.

288 1425 348 1456 Per
376 1423 522 1463 corporis
548 1421 695 1453 miserias

334 1472 387 1505 Ad
417 1471 541 1503 caelum
568 1471 678 1502 squdet
705 1470 763 1501 ire,
927 1459 958 1491 3.
986 1458 1141 1492 Delectat
1167 1458 1369 1498 evangelium

1036 1507 1158 1539 Christi
1185 1515 1314 1547 semper
1341 1506 1465 1543 audire,

402 1568 613 1602 Responffljria.
985 1555 1163 1588 Desiderat
1190 1557 1223 1588 in
1249 1565 1403 1596 superum

225 1641 256 1673 1.
285 1637 453 1670 Francisci
481 1645 617 1676 sequens
646 1636 789 1675 regulam
1038 1605 1200 1637 Gandmm
1230 1609 1377 1637 mtrmre'

335 1687 415 1718 Cum
442 1690 555 1716 sancta
582 1688 786 1726 paupertate,

285 1736 322 1767 In
351 1738 424 1766 voto
453 1734 573 1767 Christi
600 1733 758 1775 sedulam,
1107 1713 1321 1748 Responsona.

335 1782 518 1817 perfectam
544 1784 691 1823 caritate,
931 1783 962 1814 1.
990 1781 1082 1814 Haec
1108 1787 1158 1814 est
1184 1782 1276 1822 virgo
1303 1781 1504 1822 paupercula

288 1833 390 1864 Lucia
416 1832 507 1872 virgo
534 1831 715 1872 plantulam
1040 1831 1090 1863 De
1116 1839 1251 1863 numero
1277 1830 1500 1871 prudentium,

340 1882 380 1913 Se
408 1881 534 1920 plantat
561 1880 748 1913 sanctitate.
1089 1879 1241 1912 Amatrix
1268 1880 1477 1922 margaritae,

220 1931 259 1963 V.
288 1931 313 1962 O
340 1931 487 1962 iuvenem
516 1929 750 1970 virgunculam,
992 1930 1081 1968 Quae
1109 1930 1288 1970 castigatur
1315 1927 1432 1969 ferula,

291 1979 379 2017 Quae
394 1987 427 2008 se
440 1977 570 2009 Christo
584 1982 648 2009 tam
665 1977 834 2017 parvulam
1042 1979 1179 2010 Sorores
1205 1978 1442 2018 paenitentium

343 2027 481 2059 Dedicat
510 2027 671 2059 castitate.
1093 2025 1241 2058 Docens:
1269 2027 1345 2058 istic
1372 2027 1501 2068 venite3

925 2073 965 2106 V.
993 2074 1126 2106 Cunctis
1155 2075 1252 2106 datur
1278 2075 1358 2106 haec
1378 2075 1537 2109 formula:

1043 2123 1143 2162 Quem
1171 2123 1270 2163 gessit
1298 2125 1390 2166 virgo
1415 2125 1528 2167 filium,

1094 2171 1147 2202 Ad
1175 2172 1282 2213 ipsum
1308 2181 1420 2206 omnes
1446 2175 1503 2208 ite.

231 2117 265 2148 2.
293 2116 331 2148 In
358 2113 478 2145 mundo
505 2121 662 2152 spernens
689 2112 800 2144 vivere

340 2161 499 2195 Mundum
528 2160 762 2201 suppeditavit,

293 2213 381 2253 Quae
409 2219 531 2241 morum
560 2209 687 2250 fulgens
713 2217 813 2249 opere

343 2260 480 2292 Sorores
504 2257 703 2296 informavit,
937 2259 970 2292 2.
998 2257 1116 2289 Amica
1140 2257 1245 2289 crucis
1272 2259 1429 2298 plangere

298 2309 352 2342 Sic
379 2307 507 2339 botrum
535 2306 657 2339 Christi
683 2306 791 2338 colere
1047 2304 1245 2339 Crucifixum
1272 2317 1335 2339 non
1363 2310 1495 2352 desinit,

347 2357 488 2390 studens
515 2354 736 2387 fructificavit.
1095 2355 1196 2394 Quem
1208 2354 1545 2401 docensipsaplangit

224 2409 265 2442 V.
293 2407 377 2440 Dum
407 2404 531 2437 fructus
558 2405 647 2436 venit
672 2403 782 2443 legere
1000 2403 1064 2436 Pro
1091 2403 1177 2435 dulci
1207 2401 1314 2436 ferens
1342 2409 1499 2451 pondere,

296 2454 449 2497 Legionis
477 2452 667 2486 fructiferae
1051 2451 1164 2484 Crucis
1189 2452 1310 2492 iugiter
1334 2458 1494 2502 meminit,

348 2504 490 2538 Fructus
515 2501 758 2545 multiplicavit.
1099 2500 1170 2532 Nec
1196 2510 1266 2532 eam
1295 2502 1388 2536 dolor
1413 2508 1522 2549 angit3
