1650 2727
727 196 776 200 -
826 176 870 212 47
923 194 964 199 -

609 271 658 303 55.
700 270 736 302 In
758 270 982 311 Assumptione
1004 269 1095 300 miv.

212 366 244 399 1.
272 363 352 397 Dies
379 362 534 396 recolitur
919 364 951 395 3.
985 362 1082 402 Virgo
1110 360 1290 402 virginibus

318 414 447 451 Annua,
1027 409 1188 449 Sanctior,

270 462 372 503 Virgo
397 460 479 492 caeli
505 459 637 492 vehitur
977 459 1088 492 Mater
1114 459 1238 490 cunctis
1265 458 1424 490 matribus

319 511 372 544 Ad
401 509 522 552 ardua3
1027 507 1170 549 Beatior‚

270 559 364 592 Nova
391 567 452 595 res,
484 557 642 598 panditur
977 556 1033 588 Fit
1058 557 1156 589 astris
1183 556 1332 588 omnibus

319 609 430 645 Ianua,
1027 605 1166 648 Clarior,

272 658 335 691 Per
361 665 456 698 quam
484 656 570 687 vitae
597 655 769 688 scanditur
977 655 1033 687 Fit
1060 654 1211 694 supernis
1239 654 1366 687 civibus

319 706 374 738 Ad
402 713 533 746 pascua.
1027 703 1194 744 Superior.

187 755 244 791 R⁰
271 755 376 796 Igitur
896 751 951 785 R⁰
979 753 1083 794 Igitur

319 803 440 836 Merito
1025 802 1147 834 Men'to

318 853 397 885 Plus
423 852 519 885 solito
1028 851 1104 883 Plus
1129 851 1227 883 solito

271 901 507 943 Adplauditur.
978 900 1214 941 Adplauditur.

211 983 243 1016 2.
272 980 365 1013 Sacri
391 981 580 1020 mysterium
917 983 948 1014 4.
978 979 1095 1021 Stupet
1121 980 1270 1020 angelica

321 1029 437 1070 Operis
1029 1029 1191 1070 Dignitas,

271 1079 383 1111 Terris
408 1078 509 1110 mittit
535 1077 690 1118 gaudium
979 1079 1070 1118 Quod
1099 1078 1244 1110 admittit
1269 1078 1391 1110 caelica

321 1129 350 1160 A
376 1127 524 1168 superis3
1030 1127 1220 1160 Sublimitas

275 1177 358 1208 Dum
384 1176 513 1209 scandit
542 1176 656 1208 solium
981 1177 1130 1216 Carnem,
1159 1186 1255 1217 quam
1283 1177 1414 1217 publica

319 1225 485 1265 Aetheris,
1031 1227 1181 1259 Pravitas

271 1274 352 1308 Orat
377 1279 482 1307 mater
506 1274 609 1307 tilium
981 1275 1099 1316 Arguit
1125 1280 1156 1307 et
1183 1275 1311 1308 lubrica

320 1325 384 1357 Pro
410 1324 549 1356 miseris,
1030 1325 1219 1364 Fragilitas.

643 1405 675 1436 5.
703 1401 782 1433 Tam
812 1402 982 1435 mirandae
1010 1403 1058 1434 rei

754 1451 870 1484 Gratia

702 1500 880 1532 Blanditur
907 1501 1001 1533 nobis
1029 1501 1091 1533 Dei

751 1550 945 1589 Clementia,

705 1598 788 1631 Nam
817 1599 957 1632 collatae
986 1601 1031 1631 rei

759 1648 858 1681 Venia

704 1697 829 1730 Laudis
856 1697 945 1731 refer
971 1699 1001 1730 ei

752 1748 943 1783 Praeconia.

247 1827 336 1862 Trop.
368 1835 423 1853 ms.
452 1825 648 1854 Martialense
675 1834 753 1854 saec.
783 1825 828 1854 12.
850 1826 922 1854 Cod.
945 1828 1076 1855 Parisin.
1102 1826 1175 1855 1139
1200 1828 1266 1856 add.
1289 1837 1367 1856 saec.
1394 1826 1468 1855 fllia.
1491 1843 1529 1848 ——

174 1865 201 1899 1,
222 1865 240 1894 5
262 1866 363 1894 Onara
385 1865 536 1902 panditur.

604 2002 651 2033 56.
693 2001 727 2033 In
750 2002 974 2044 Assumptione
997 2002 1086 2034 Blll.

171 2087 230 2119 la.
264 2085 432 2119 Instanter
883 2086 945 2121 lb.
978 2086 1156 2119 Laetanter

318 2136 522 2167 Veneremur
1031 2135 1272 2176 Coniungemur

370 2184 818 2226 Condignisnunclaudibus‚
1081 2186 1238 2225 Supernis
1274 2195 1359 2217 nunc
1393 2185 1528 2218 civibus.

169 2265 234 2298 2a.
266 2263 357 2296 Haec
384 2264 572 2304 praesentia
883 2263 947 2298 2b.
982 2263 1069 2296 Laus
1095 2264 1137 2296 sit
1164 2264 1299 2305 angelis,

268 2311 384 2346 Dulcis
410 2312 538 2346 Mariae
982 2312 1095 2346 Gloria
1123 2323 1247 2346 summo

318 2360 403 2395 festa
430 2371 490 2402 per
515 2362 689 2395 sollemnia
1030 2363 1100 2395 Deo
1127 2362 1169 2394 sit
1195 2363 1227 2395 in
1257 2363 1405 2395 excelsis

169 2442 233 2476 33..
268 2441 369 2480 Quam
385 2444 618 2482 prompserunt
632 2441 821 2483 angelorum
885 2441 950 2476 3b.
981 2442 1042 2481 Qui
1070 2451 1130 2483 pro
1157 2442 1250 2474 nobis
1282 2442 1376 2474 homo
1400 2445 1495 2474 natus

271 2489 500 2524 Collaudando
536 2499 622 2524 nunc
657 2490 821 2524 caelorum
983 2491 1027 2524 Et
1053 2491 1086 2524 in
1113 2492 1233 2524 mundo
1263 2495 1475 2523 conversatus

319 2539 452 2584 Regem,
477 2541 644 2574 Christum
670 2540 858 2580 Dominum,
1034 2541 1135 2574 Pater
1162 2539 1268 2574 factus
1294 2540 1469 2575 hominum.
