1650 2727
685 752 727 783 81.
772 751 869 783 Missa
892 751 1072 783 Gallicana.

765 823 872 857 (Monii
898 824 993 855 VIII.)

723 924 748 956 I.
788 922 1032 957 Praefatio.

374 997 511 1030 Siderea
539 997 579 1029 de
606 996 684 1029 sede
711 997 828 1037 nitens,
858 997 941 1029 bone
971 998 1122 1029 conditor
1146 997 1248 1034 orbis,

375 1047 422 1079 Te
445 1046 569 1086 pietate
596 1045 750 1087 probans⁷
779 1056 842 1078 non
870 1050 983 1078 nostra
1010 1046 1063 1078 hic
1091 1046 1275 1078 crimimina
1304 1055 1459 1089 pensans,

377 1095 556 1135 Expositas
583 1094 721 1127 admitte
748 1104 863 1135 preces
891 1099 923 1126 et
948 1095 1058 1127 iudice
1086 1095 1170 1126 libra

378 1143 494 1176 Mitior
519 1143 648 1185 aequali
673 1153 736 1175 non
764 1144 887 1176 reddas
915 1144 1063 1183 pondere
1090 1153 1249 1184 poenam3

373 1193 514 1226 Errores
541 1193 673 1234 ignosce
700 1193 808 1233 gregis
836 1196 1014 1234 pastorque
1042 1193 1150 1225 fidelis

376 1242 510 1282 Ereptis
536 1241 652 1274 ovibus
679 1242 826 1281 paradisi
856 1241 978 1283 pabula
1007 1243 1140 1275 reddas.

713 1350 758 1382 ΙΙ.
794 1349 1034 1383 Collectio.

377 1424 507 1456 Summe
535 1428 625 1456 sator
650 1432 770 1464 rerum,
798 1424 852 1464 qui
880 1423 984 1464 spinis
1013 1425 1119 1456 cultor
1145 1424 1310 1465 ademptis

374 1472 565 1506 Catholicae
593 1472 751 1504 ecclesiae
779 1473 945 1513 plantaria
972 1472 1039 1505 fida
1066 1473 1192 1511 locasti,

374 1521 490 1554 Flecte
517 1522 629 1554 oculos
655 1521 699 1554 ad
726 1526 802 1554 vota
829 1522 914 1562 pm,
942 1531 1014 1564 age,
1041 1526 1150 1555 mente
1177 1531 1293 1554 serena

376 1571 468 1604 Haec
495 1576 530 1602 ut
557 1570 740 1612 apostolico
766 1570 914 1604 fodiatur
941 1571 1036 1604 vinea
1063 1575 1180 1611 rastro,

371 1619 542 1653 Adridens
570 1619 670 1661 foliiS‚
700 1620 804 1652 vivaci
831 1620 968 1662 palmite
995 1630 1147 1654 vernans.

374 1669 519 1702 Roscida
547 1669 636 1702 fonte
663 1673 730 1708 tuo,
758 1670 848 1702 nullo
872 1671 1016 1702 cruciata
1044 1679 1175 1712 vapore,

372 1718 507 1751 Nutriat
535 1723 686 1751 aeternos
714 1718 802 1750 felici
829 1719 974 1760 germine
1001 1718 1138 1758 fructus,

372 1767 510 1800 Fertilis
539 1771 569 1800 et
597 1769 727 1808 placeat
752 1768 845 1810 largo
873 1768 1039 1801 vindemia
1065 1774 1176 1810 partu.

663 1876 724 1910 111.
760 1878 877 1909 Ante
912 1877 1097 1911 nomina.

373 1949 504 1985 Adnue.
533 1954 652 1990 rector,
681 1959 774 1992 opem
805 1951 959 1991 vultuque
985 1951 1124 1984 adverte
1151 1951 1306 1990 secundo,

375 1999 466 2039 Quae
495 1999 620 2041 damus,
648 2000 826 2040 accipiens,
855 2001 940 2040 quod
970 2001 1145 2040 poscimus,
1174 2001 1245 2042 ipse
1273 2000 1470 2042 rependens,

376 2049 421 2081 Et
447 2050 594 2089 quamvis
622 2049 766 2090 trepidet
796 2049 932 2090 proprio
961 2059 1051 2082 mens
1079 2054 1167 2082 tacta
1194 2054 1297 2088 reatu,

377 2097 438 2131 Vel
465 2107 560 2132 sacra
587 2098 765 2132 reddentes
794 2099 998 2131 commendet
1027 2109 1125 2132 causa
1153 2100 1352 2140 redemptos,

371 2147 444 2180 Hoc
471 2149 615 2188 speciale
642 2147 762 2180 bonum
790 2149 950 2189 tribuens„
979 2153 1015 2180 ut
1042 2149 1141 2181 corde
1169 2148 1260 2181 fideli

328 2212 329 2220 κ
371 2197 529 2230 Vivamus
557 2198 709 2240 Domino,
738 2198 916 2230 moriamur
943 2198 1080 2230 crimine
1108 2198 1231 2231 mundi.

663 2305 722 2338 IV.
761 2307 866 2339 Post
902 2306 1086 2339 nomina.

369 2381 463 2422 Quod
489 2381 598 2422 poscit
623 2380 755 2414 divinus
783 2380 898 2423 honor,
927 2380 1016 2421 quod
1042 2390 1158 2413 munus
1185 2385 1351 2414 amantum

371 2430 537 2471 Obsequio
565 2430 726 2463 reddente
754 2429 826 2462 Deo
853 2429 1001 2462 sollenne
1027 2431 1200 2473 tributum,

374 2479 580 2521 Suppliciter
604 2479 780 2512 Dominum
810 2488 870 2520 per
898 2483 974 2511 vota
995 2479 1136 2520 gemella
1163 2489 1346 2520 precemur,

373 2529 430 2571 Ut,
457 2539 538 2571 quos
567 2529 665 2570 culpa
693 2528 826 2569 premit,
855 2528 962 2570 pietas
987 2529 1142 2563 miserata
1169 2529 1307 2568 relaxet,
