1650 2727
732 180 775 185 —
830 159 997 196 135—

248 282 257 292 .
284 257 470 291 Katharina
496 258 652 300 puellula,

331 306 518 347 Flagellata
535 304 587 349 (a)
606 306 832 347 daemonibus,

283 355 321 387 In
349 363 460 388 amore
483 355 632 388 radicata

335 403 458 438 Christi
485 408 552 436 stat
577 404 753 438 robustius

248 540 255 546 .
283 511 411 544 Adulta
434 511 526 552 virgo
552 510 673 544 nubilis

332 560 417 593 Duci
445 560 673 601 desponsatur,

281 611 383 651 Quem
409 610 532 641 sanctis
559 611 626 642 suis
653 610 784 641 monitis

332 659 466 692 Castum
493 658 625 691 Christo
652 658 809 691 lucratur.

399 794 612 830 Responsoria.

249 899 256 906 .
284 873 388 907 Facto
415 877 490 906 voto
518 874 679 907 castitatis

334 922 471 964 Sponsa,
500 933 638 964 sponsus
665 924 790 963 pariter

283 971 350 1004 Sub
376 976 512 1012 aspectu
540 972 671 1005 deitatis

332 1020 493 1053 Mundum
521 1021 637 1054 ludunt
663 1019 804 1065 fortiter,

285 1069 405 1109 Spreta
425 1078 484 1109 spe
510 1070 716 1111 posteritatis

331 1118 402 1150 Deo
429 1119 543 1151 vivunt
570 1119 721 1154 dulciter.

245 1192 253 1200 .
281 1166 418 1199 Carnem
447 1167 506 1199 sub
534 1168 642 1200 cilicio

329 1216 454 1257 Iugiter
479 1216 682 1257 premebant,

283 1264 452 1306 Precibus,
479 1266 600 1298 ieiunio

331 1313 468 1354 Semper
492 1315 699 1348 insistebant.

244 1448 251 1455 .
281 1421 366 1454 Dum
393 1422 440 1454 sic
468 1422 564 1455 ambo
591 1423 795 1456 continenter

329 1471 491 1504 Christum
522 1472 630 1504 colunt
658 1472 784 1513 sedulo,

279 1519 384 1561 Urget
410 1520 548 1552 daemon
577 1520 807 1554 fraudulenter

329 1569 455 1602 Cadere
482 1571 661 1610 proposito,

278 1618 364 1650 Hinc
402 1618 433 1651 in
462 1624 592 1651 sanctos
618 1620 829 1660 impudenter

326 1667 477 1700 Fratrem
506 1673 613 1700 movet
639 1668 726 1702 odio.

243 1741 251 1750 .
279 1715 362 1748 Nam
389 1717 465 1749 dum
493 1716 597 1750 frater
622 1717 811 1751 observavit

328 1766 453 1798 Horum
481 1766 715 1810 castimoniam,

277 1815 377 1855 Quasi
405 1815 524 1848 stultos
550 1816 736 1856 obiurgavit

327 1864 544 1906 Exprobrans
571 1865 744 1907 ignaviam.

244 1998 252 2006 .
281 1972 421 2006 Sanctae
447 1974 562 2006 matris
588 1979 620 2006 et
646 1984 781 2008 avorum

327 2021 480 2065 Sequitur
508 2024 656 2065 vestigia.

278 2071 414 2105 Romam
441 2072 543 2114 petit,
577 2078 612 2106 ut
638 2078 825 2107 sanctorum

327 2122 510 2155 Veneretur
535 2123 648 2157 limina

277 2170 322 2203 Et
347 2175 383 2204 ut
409 2170 533 2204 Christi
559 2172 743 2214 passionem

324 2220 464 2254 Recolat
489 2221 645 2265 intimius,

275 2270 399 2303 Terrae
424 2274 558 2304 sanctae
585 2271 750 2314 regionem

326 2320 445 2353 visitat
472 2320 632 2355 devotius.

237 2393 245 2402 .
274 2368 365 2402 Sicut
391 2370 558 2412 quondam
583 2369 775 2412 patriarcha

321 2419 507 2461 Dereliquit
532 2419 679 2461 propria,

273 2468 328 2503 Sic
354 2468 508 2502 maritum
536 2468 722 2502 Katharina

322 2518 442 2561 Spreta
467 2519 563 2560 liquit
589 2517 708 2560 patria.

1029 259 1076 291 In
1105 259 1138 291 2.
1167 258 1404 291 Nocturno.

1116 333 1317 371 Antiphonae.

935 435 965 467 1.
996 434 1170 473 Postquam
1199 434 1292 474 virgo
1320 433 1505 466 Katharina

1041 482 1143 514 Exsul
1174 482 1295 514 Romae
1322 482 1460 522 habitat,

992 531 1133 563 Matrem
1163 530 1248 571 piam
1278 530 1433 562 comitata

1043 581 1163 614 Sancta
1188 579 1259 612 loca
1287 579 1408 611 visitat.

931 684 963 716 2.
991 683 1020 714 A
1049 681 1190 723 maligno
1217 686 1265 713 est
1293 686 1419 714 tentata

1042 731 1196 771 Coniugis
1223 732 1390 770 memoria,

990 781 1091 820 Quem
1118 789 1191 812 mox
1223 780 1310 812 Deus
1336 780 1378 811 ad
1407 780 1503 812 beata

1040 829 1130 862 Caeli
1159 829 1253 861 duxit
1279 830 1410 870 gaudia.

931 934 963 966 3.
992 933 1098 965 Maria
1126 932 1222 963 matri
1250 936 1386 968 reserat,

1040 984 1142 1021 Quam
1171 980 1249 1014 felix
1278 982 1345 1013 eius
1373 981 1450 1024 filia,

978 1030 1084 1070 'Quod
1112 1040 1238 1072 pauper
1263 1030 1349 1063 facta
1369 1035 1539 1071 spreverat

1040 1080 1128 1120 Opes
1155 1089 1226 1112 cum
1253 1080 1365 1112 mundi
1395 1080 1509 1120 gloria.

1108 1205 1320 1239 Responsoria.

930 1286 961 1318 1.
989 1286 1127 1325 Quidam
1156 1295 1263 1317 comes
1290 1284 1510 1319 inflammatur

1041 1335 1176 1366 Veneris
1204 1334 1365 1368 incendio.

989 1382 1042 1415 Ab
1070 1384 1130 1415 hoc
1157 1390 1271 1416 sancta
1298 1384 1482 1424 postulatur

1038 1432 1131 1472 Iungi
1159 1433 1384 1473 matrimonio;

987 1483 1032 1513 At
1059 1482 1210 1521 repulsus
1238 1491 1345 1514 comes
1372 1487 1466 1514 nocte

1036 1530 1181 1562 Abditur
1207 1532 1240 1563 in
1268 1531 1383 1566 vineis,

990 1579 1033 1612 Ut
1067 1580 1151 1611 hanc
1178 1585 1285 1620 raptet
1314 1578 1401 1612 facto
1428 1591 1533 1616 mane.

1036 1628 1101 1661 Sed
1128 1630 1280 1669 privatur
1305 1630 1418 1662 oculis.

920 1677 956 1711 V.
984 1677 1121 1718 Apertis
1159 1688 1264 1711 comes
1291 1679 1414 1720 oculis,
1449 1680 1535 1712 nihil

984 1727 1133 1766 videbat‚·
1178 1728 1224 1760 ad
1262 1738 1385 1760 manus
1424 1732 1535 1762 autem

986 1776 1085 1810 illum
1101 1777 1266 1810 trahentes
1280 1778 1538 1811 introduxerim&

986 1827 1033 1859 ad
1086 1829 1240 1859 sanctam
1291 1827 1534 1870 Katharinam‚

985 1886 1054 1917 qua
1089 1879 1207 1908 orante
1240 1887 1315 1909 cum
1341 1878 1448 1909 matre
1469 1887 1537 1918 pro

986 1935 1021 1958 eo
1044 1925 1214 1965 confestim
1235 1925 1350 1959 cecidit
1368 1926 1475 1968 caliyo
1494 1928 1538 1960 ab

986 1975 1089 2008 oculis
1117 1978 1145 2007 et
1172 1976 1280 2009 visum
1307 1976 1440 2016 recepit.

925 2075 957 2107 2.
988 2074 1087 2115 Virgo
1114 2074 1239 2108 Christi
1266 2075 1452 2116 passionem

1035 2123 1207 2164 Cogitabat
1235 2124 1361 2163 sedulo,

984 2172 1122 2215 Semper
1148 2175 1258 2214 sponsi
1288 2173 1439 2205 unionem

1034 2222 1224 2255 Affectabat
1250 2224 1347 2262 serio,

985 2271 1030 2305 Ut
1057 2270 1195 2304 referret
1225 2273 1380 2304 talionem

1034 2322 1085 2354 Ex
1112 2320 1231 2353 affectu
1258 2322 1383 2355 intimo.

918 2372 956 2403 V.
984 2370 1117 2411 Quaerit
1146 2371 1253 2402 Iesum
1281 2375 1349 2402 toto
1379 2371 1488 2411 corde,

983 2419 1066 2454 Eius
1092 2425 1227 2452 mortem
1257 2430 1327 2452 cum
1357 2428 1507 2451 maerore

985 2469 1120 2502 Tractat
1148 2468 1289 2501 fundens
1316 2468 1402 2500 omni
1431 2469 1486 2500 die

985 2518 1156 2551 Lacrimas
1185 2528 1244 2559 pro
1271 2517 1440 2557 sanguine.
