1650 2727
682 170 731 177 -
783 152 851 188 166

349 250 570 278 Invitatorium.

235 321 406 353 Rectorem
433 319 515 354 caeli

283 377 474 402 veneremur
499 369 597 400 corde
623 368 724 408 fideli,

234 419 295 458 Qui
322 427 379 449 nos
406 427 465 458 per
493 417 644 451 Paridem

284 466 361 499 fecit
387 467 507 499 habere
532 465 640 498 fidem.

273 632 378 664 1n1.
406 631 641 663 Nocturno.

356 708 556 744 Antiphonae.

164 809 193 838 1.
224 807 281 838 vir
309 805 445 838 Domino
473 807 588 845 dignus

287 859 394 887 rector
420 854 595 895 populique
621 853 778 895 benignus

238 904 357 937 Urbem
385 902 546 934 salvando

283 961 340 984 nos
367 952 469 983 salvet
497 949 710 991 purificando.

175 1050 206 1080 2.
237 1049 324 1081 Urbs
354 1046 430 1078 felix
460 1047 532 1079 dira

286 1096 427 1128 laniatur
455 1093 648 1140 [daemonis]
676 1097 736 1133 ira.

234 1144 410 1177 Daemonis
437 1143 574 1176 infestus

286 1193 342 1225 sed
363 1194 493 1224 tandem
509 1193 643 1233 pellitur
656 1196 776 1226 aestus.

175 1293 207 1324 3.
236 1291 290 1323 Ad
317 1290 421 1321 sancti
448 1294 569 1322 tactum

284 1338 423 1371 loculum
437 1339 534 1370 draco
547 1338 664 1369 desinit
674 1342 779 1370 actum

234 1390 342 1428 Atque
369 1387 466 1418 maris
492 1386 610 1418 fluctus

287 1435 385 1467 subiit
412 1445 472 1476 per
499 1435 593 1467 devia
621 1435 746 1467 ductus,

353 1541 564 1576 Responsoria.

176 1614 208 1645 1.
237 1611 357 1644 Christi
384 1609 562 1649 confessor,

290 1660 392 1697 Paris,
408 1659 629 1699 almificusque
648 1658 801 1691 sacerdos

237 1710 405 1742 Caelorum
432 1704 542 1751 [caeli]

289 1758 359 1789 loca
386 1761 499 1788 nactus
526 1757 596 1787 iure
621 1755 768 1798 perenni,

239 1809 365 1847 Augeat
393 1805 572 1845 augmentis

287 1864 345 1887 nos
364 1854 485 1886 sanctis
504 1862 541 1886 ac
563 1852 782 1895 documentis;

187 1902 208 1936 ’.
238 1904 332 1937 Celsa
359 1907 473 1944 petens
500 1903 614 1941 laetus,

287 1952 417 1984 Domini
445 1952 565 1983 virtute
592 1951 745 1991 repletus),

240 2000 368 2033 Gaudia
395 2005 510 2032 cuncta
536 1998 621 2032 ferat

289 2049 409 2081 crimen
437 2052 469 2081 et
495 2057 588 2080 omne
614 2054 708 2083 terat.

204 2175 211 2181 .
240 2147 266 2180 O
293 2149 401 2178 custos
429 2145 556 2187 habilis,

237 2196 313 2228 Dux
340 2195 550 2234 venerabiliS,

239 2243 375 2278 Custodi
401 2244 566 2284 populum,

236 2294 445 2334 Quaesumus,
469 2291 628 2333 inclitum,

238 2343 287 2374 Tu
314 2338 478 2387 [cunctas]
506 2342 648 2373 maculas

240 2391 357 2424 Cordis
383 2387 444 2435 [et]
471 2390 595 2428 abluas,

243 2441 287 2474 Ut
314 2439 421 2473 valeat
447 2440 560 2472 solium

289 2489 448 2522 scandere
474 2493 679 2530 perpetuum.

804 247 810 253 ’
866 249 905 285 V.
944 251 1040 283 Hunc
1065 254 1101 282 tu
1123 247 1264 290 purifica

986 297 1118 332 Cunctis
1145 308 1165 330 a
1190 297 1279 329 vitiis

935 348 1071 381 Necnon
1097 345 1244 381 salvifica

984 396 1167 431 Praeclaris
1192 392 1331 427 melitis.

899 519 907 528 .
934 495 989 528 Ad
1016 499 1137 528 tactum
1164 492 1269 524 sancti

984 544 1114 578 Paridis
1149 541 1270 581 iugiter
1305 538 1483 571 venerandi

934 591 1076 634 Serpens
1101 590 1236 624 immitis

934 690 1069 729 Cogitur
1094 690 1136 722 ad
1164 687 1299 720 crebras

983 739 1091 779 pelagi
1117 746 1263 770 remeare
1290 734 1453 766 tenebras,

881 784 905 820 ⁷.
932 787 1057 819 Invitus
1084 787 1204 828 pergit,

983 835 1104 868 invitus
1134 835 1168 866 in
1194 832 1329 865 horrida
1354 830 1483 871 mergit,

935 883 1008 915 Non
1035 884 1185 924 linquens
1212 882 1342 914 solitum

983 936 1099 972 sponte
1123 941 1182 963 sua
1208 930 1361 963 loculum.

975 1078 1079 1112 1112.
1108 1077 1342 1109 NocturnO.

1059 1153 1258 1188 Antiphonae.

905 1268 912 1275 .
941 1242 1012 1274 Hoc
1039 1243 1154 1274 mirum
1183 1241 1279 1282 digne

986 1300 1146 1332 peragens
1171 1290 1396 1322 sanctissimus
1422 1290 1481 1322 ille

939 1339 1091 1371 Protinus
1117 1349 1137 1370 a
1162 1339 1267 1370 turbis

988 1388 1017 1419 in
1059 1388 1184 1420 moenia
1219 1388 1348 1419 ducitur
1379 1386 1481 1421 urbis,

904 1509 911 1517 .
939 1484 1029 1516 Tune
1056 1483 1148 1525 plebs
1174 1483 1290 1516 infelix

985 1537 1048 1564 stat
1075 1533 1217 1565 nondum
1246 1532 1344 1565 corde
1362 1531 1481 1571 fidelis,

937 1581 1078 1613 Insontis
1105 1582 1226 1613 clarum

988 1630 1067 1662 dant
1081 1639 1198 1670 corpus
1214 1631 1246 1662 in
1261 1639 1318 1662 ora
1329 1628 1484 1662 ferarum.

904 1753 911 1761 .
940 1727 1011 1759 Hae
1037 1728 1131 1760 mites
1158 1726 1275 1770 factae,

988 1776 1111 1808 rabiem
1138 1777 1264 1809 nescire
1291 1781 1434 1818 coactae,

941 1825 1142 1865 Suppliciter
1168 1830 1292 1858 tantum

989 1874 1484 1914 coeperuntlamberesanctum.

1057 1981 1268 2015 Responsoria.

907 2077 914 2085 ,
942 2049 1064 2082 Rumor
1092 2050 1234 2082 directus

990 2099 1102 2140 populi
1138 2109 1210 2130 mox
1245 2100 1353 2139 attigit
1380 2110 1488 2141 aures⁷

940 2147 1034 2186 Quod
1061 2147 1192 2188 quidam
1220 2153 1363 2188 sanetus,

991 2197 1080 2228 senio
1111 2196 1176 2228 iam
1211 2198 1357 2238 corporis
1384 2204 1488 2242 actus,

941 2244 1066 2278 Urbem
1093 2246 1235 2277 salvaret

990 2294 1113 2326 hostem
1129 2295 1282 2334 pellendo
1295 2296 1490 2337 superbum;

877 2344 921 2377 V.
946 2342 1044 2375 Haud
1071 2353 1161 2375 mora
1185 2354 1302 2386 nempe
1330 2345 1401 2384 fuit,

992 2402 1088 2424 sexus
1114 2397 1251 2434 uterque
1278 2394 1344 2427 ruit

944 2441 981 2473 In
1009 2447 1154 2474 sanctuni
1185 2442 1315 2476 Domini

991 2491 1069 2523 talia
1096 2491 1288 2532 suscipiens.
