1650 2727
681 154 724 161 -—
777 132 944 171 128-

198 259 205 266 .
233 232 439 266 Admiranda
465 231 673 273 fraternitas,

236 282 339 322 Quam
365 285 475 314 servat
501 281 563 315 Dei
588 282 694 325 pietas

286 331 495 371 Impossutam
522 340 541 362 a
569 331 714 366 crimine,

202 453 209 461 .
237 428 408 460 Exeuntes
433 428 474 460 de
499 429 628 470 patriae

288 477 375 516 Solo,
403 477 518 510 relicto
544 477 678 517 proprio

237 524 338 557 Fines
364 526 489 557 intrant
515 526 643 563 Itaiiae,

240 574 422 606 Vulterram
452 575 571 606 dictam
600 574 696 605 hodie

286 624 431 663 Pei-gunt
458 623 518 655 Dei
543 622 691 661 consilio,

238 670 431 711 Corruptam
459 676 536 704 tunc
561 670 711 712 perfidia.

199 745 206 753 .
233 720 390 761 Magnam
416 725 545 760 gentem
572 720 747 760 copiosam,

235 768 345 800 Rebus
374 768 465 800 miris
491 769 684 809 speciosam,

235 816 443 849 Nominatum
472 817 625 849 Antonia.

202 942 209 949 ,
236 913 378 955 Replent
405 919 525 946 terram
552 913 674 945 semine

237 962 347 994 Divini
375 962 478 998 verbi,
506 963 649 1003 germine

286 1011 386 1043 Pleno
414 1009 552 1042 fructum
582 1010 766 1050 percipiunt

235 1058 444 1090 Sacramenta
472 1058 663 1095 tribuentes

234 1107 462 1139 Convertendo
496 1112 628 1139 cunctas
654 1110 777 1149 gentes,

284 1155 416 1188 Fideles
444 1156 490 1187 sic
516 1155 673 1195 efficiunt,

198 1230 205 1238 .
232 1204 370 1236 Orantes
397 1204 438 1236 ab
464 1204 661 1243 haeresibus,

233 1252 429 1284 Forinse‹·us
457 1253 497 1284 ab
526 1252 671 1284 hostibus

286 1301 461 1333 Civitatem
489 1301 641 1340 eripiunt.

196 1423 202 1430 .
232 1397 312 1430 Orta
338 1396 440 1429 fames
468 1399 554 1430 cives
582 1396 667 1436 ferit,

235 1446 323 1478 Gens
351 1446 521 1484 clamabat,
549 1447 624 1486 qnia
649 1447 745 1485 perit,

283 1493 510 1528 Confessorum
539 1494 707 1534 auxilium,

233 1543 277 1576 Et
305 1543 387 1575 ferte
415 1543 525 1576 dicunt
553 1542 700 1583 populis:

235 1592 316 1625 Cras
345 1592 460 1624 vestris
488 1601 596 1624 coram
623 1592 725 1624 oculis

284 1640 444 1672 videbitis
471 1640 667 1681 suffragium.

194 1716 201 1723 .
230 1689 454 1729 Reperiuntur
481 1688 628 1729 frugibus

233 1738 332 1770 Mane
358 1742 544 1770 sanctorum
572 1736 722 1777 precibus

284 1787 411 1819 Horrea
439 1787 535 1826 plena
563 1786 691 1819 civium.

272 1923 317 1954 In
344 1923 377 1955 2.
405 1922 639 1954 Nocturno.

354 1999 555 2035 Antiphonae.

196 2105 204 2113 .
231 2077 381 2121 Domine,
410 2078 479 2110 sine
507 2079 632 2111 macula

279 2127 341 2160 Tui
368 2126 571 2160 confessores

233 2176 325 2209 Sacri
352 2176 469 2208 montis
496 2185 555 2216 per
581 2176 712 2209 saecula

280 2226 379 2258 Fiunt
406 2233 623 2266 possessores,

196 2350 204 2358 .
231 2323 383 2365 Domine,
410 2325 443 2356 in
470 2324 591 2356 virtute

281 2373 351 2406 Tua
376 2372 594 2413 laetabantur,

231 2423 262 2456 A
289 2433 347 2455 sua
370 2422 538 2455 iuventute

281 2472 360 2505 Cum
387 2475 420 2504 te
446 2470 678 2513 sequebantur.

880 235 915 268 3.
939 233 1072 267 Domini
1096 233 1245 276 potentia

988 283 1116 316 Sanctis
1143 286 1192 314 est
1218 281 1374 314 collatum

938 331 1077 364 Servare
1103 330 1264 371 pudicitia

989 380 1052 414 Cor
1077 379 1330 413 immaculatum.

879 479 912 510 4.
939 477 1119 510 Exaudivit
1145 477 1304 510 Dominus

989 526 1105 558 Preces
1131 524 1364 563 confessorum,

937 574 1098 606 Liberans
1125 583 1179 606 eos
1204 574 1354 613 protinus

984 623 1034 655 De
1061 632 1156 655 mann
1179 623 1404 663 malignorum.

878 712 912 745 5,
938 709 984 741 Te
1012 709 1105 742 det-et
1133 709 1282 752 hymnus,
1311 709 1460 749 Domine,

938 758 998 797 Qui
1027 758 1176 790 habitans
1203 759 1236 790 in
1263 759 1392 791 homine

986 807 1155 847 Templum
1185 807 1266 839 facis
1284 806 1479 847 sanctitatis,

987 855 1098 887 Omnis
1126 856 1257 896 replens
1285 855 1451 888 bonitatis.

878 943 910 975 6.
936 941 1062 974 Bonum
1089 941 1182 974 nobis
1210 942 1356 974 confiteri

985 991 1044 1022 Est
1070 991 1209 1022 Domino
1235 991 1405 1034 altissimo,

937 1039 1091 1071 psallere.
1119 1039 1174 1078 qui
1202 1039 1348 1071 misereri

990 1088 1031 1120 Ut
1058 1093 1154 1127 pater
1179 1088 1239 1119 scit
1265 1088 1422 1128 piissimo.

1053 1203 1265 1238 Responsoria.

878 1272 908 1305 1.
938 1271 1042 1303 Nocte
1069 1272 1190 1304 sanctis
1217 1272 1398 1313 orantibus,

936 1319 1118 1352 Guandalis
1144 1321 1397 1365 quiescentibus,

934 1369 1035 1400 Omne
1061 1369 1190 1401 bladum
1219 1369 1362 1402 exterius

934 1416 1037 1449 Simul
1064 1418 1170 1449 fertur
1196 1419 1334 1450 interius

980 1467 1139 1505 Angelico
1167 1467 1353 1506 praesidi03

864 1514 907 1546 V.
934 1515 1099 1546 Aeternae
1125 1523 1184 1546 rex
1208 1515 1401 1547 clementiae

937 1562 1061 1594 Novum
1090 1571 1190 1604 genus
1216 1564 1382 1604 potentiae

986 1611 1180 1644 Sanctorum
1207 1612 1263 1644 dat
1290 1612 1439 1647 arbitrio.

873 1700 906 1734 2.
930 1699 1038 1730 Iratae
1064 1702 1176 1738 gentes
1203 1698 1320 1731 efferae

933 1747 987 1779 Ad
1015 1756 1105 1779 arma
1132 1753 1266 1780 currunt
1293 1757 1434 1790 propere

933 1795 1099 1836 Spoliatae
1127 1796 1271 1837 cibariis,

935 1845 1071 1876 Pressae
1098 1843 1192 1877 famis
1219 1845 1397 1886 angustiis3

862 1894 901 1928 V,
932 1892 1071 1925 Faciunt
1097 1902 1156 1934 pro
1184 1893 1349 1934 lapidibus

933 1941 1078 1974 Afflictis
1106 1942 1210 1984 plagis
1238 1943 1338 1974 variis

937 1990 1044 2023 Proici
1070 2000 1173 2031 panes
1199 1991 1357 2024 hostibus,

875 2080 908 2113 3.
935 2079 1025 2111 Mira
1052 2087 1104 2109 res
1132 2081 1165 2109 et
1191 2078 1288 2111 laude
1315 2079 1423 2120 digna.

933 2127 989 2160 Fit
1020 2126 1191 2159 clementia
1217 2127 1369 2170 benigna,

934 2176 1045 2209 Turba
1071 2184 1189 2208 nocere
1216 2177 1362 2219 cupiens,

935 2225 1074 2258 Gustato
1099 2233 1185 2265 pane
1210 2224 1346 2266 furiens,

935 2273 1081 2306 Turbata
1108 2274 1216 2314 coepit
1243 2272 1366 2315 fugere,

933 2323 1086 2364 Quaeque
1110 2327 1291 2363 praerupta
1316 2328 1441 2365 petere.

865 2372 905 2406 V.
933 2373 1081 2405 Instante
1107 2376 1175 2404 tota
1203 2372 1318 2405 civitas

934 2421 988 2455 Ad
1015 2421 1130 2453 laudes
1157 2421 1261 2463 surgit
1289 2422 1419 2457 debitas

935 2471 1041 2504 Tanto
1068 2474 1201 2511 recepto
1226 2479 1370 2506 munere.
