1650 2727
736 131 995 167 —167—

689 293 760 326 203.
803 294 845 326 De
867 293 1051 326 concordia.

204 395 237 427 1.
265 394 291 428 O
327 405 424 436 qnam
456 396 632 432 mundum.
668 405 765 436 quam
791 395 839 427 iu·
914 397 947 430 2.
977 395 1183 428 Christianus
1207 397 1234 427 is
1260 398 1392 429 insanus

603 445 744 477 cundum
1025 444 1139 476 Subito
1167 444 1319 483 efficitur.v

315 493 436 525 Vivere
463 495 682 531 concorditer,
976 494 1075 526 Cuius
1102 503 1168 535 ore,
1197 495 1306 534 corde,
1334 493 1403 526 fore

266 541 349 574 Nam
377 541 549 583 psalmista
577 542 677 574 verba
704 543 767 574 ista
1028 542 1114 574 Vera
1141 552 1206 582 pax
1233 552 1295 574 non
1323 544 1478 581 cernitur,

313 590 475 631 Loquitur
502 592 674 625 veraciter.
977 591 1037 622 Illo
1064 600 1130 623 ore.
1157 591 1266 627 corde.
1294 591 1363 624 fore

264 638 338 671 Hac.
364 640 488 672 virtute
514 644 589 671 sunt
616 640 742 672 solutae
1026 640 1112 671 vera
1140 649 1204 679 pax
1231 650 1292 671 non
1324 641 1479 675 cernitur.

314 688 379 720 Res
405 689 517 721 unitae
544 687 686 728 fortiter,
975 688 1044 727 Quo
1072 689 1220 721 coniurat
1247 694 1384 728 patrem,
1413 693 1501 720 curat

266 738 362 770 Iussu
387 737 454 769 oris
482 739 640 770 creatoris
1025 737 1191 777 Sternere,
1218 742 1253 768 ut
1280 738 1409 778 legitur,

315 786 437 819 Vivunt
463 787 670 828 regulariter.
977 787 1052 826 Ipso
1079 786 1188 828 corde,
1217 787 1312 825 pleno
1339 787 1446 825 sorde,

265 834 374 868 Herus
401 845 496 868 verus
525 833 588 868 fert
615 836 780 868 sincerus:
1025 836 1104 869 Cain
1134 835 1230 867 simul
1257 836 1389 869 corruit.

314 884 427 917 Sancti
451 888 525 917 sunt
552 884 692 925 pacifici,
978 884 1203 926 vehementer,
1234 883 1460 916 fraudulenter

265 932 360 967 Grati
388 934 456 967 nati
483 943 546 966 non
574 934 690 976 vocati,
1024 934 1108 966 Dum
1135 934 1166 965 in
1197 932 1332 965 fratrem
1360 934 1465 965 irruit.

314 981 411 1016 Fiunt
439 983 472 1015 hi
501 982 620 1018 deifici.

492 1092 524 1124 3.
551 1091 648 1123 Hanc
674 1090 707 1122 in
735 1088 824 1122 facto
848 1099 952 1130 nuper
979 1094 1053 1121 acto

601 1139 775 1173 scharioth
802 1149 865 1171 non
893 1139 1017 1177 habuit,

550 1190 636 1222 Dum
663 1189 771 1227 letale,
800 1188 873 1225 heu,
901 1192 967 1220 tam
996 1189 1079 1220 male

602 1239 734 1278 Laqueo
761 1246 795 1269 se
819 1236 935 1269 induit.

552 1287 706 1329 Magnum
735 1287 864 1330 donum,
893 1296 1052 1319 summum
1080 1286 1197 1318 bonum

599 1335 736 1370 Confert
761 1336 852 1377 pacis
880 1335 1031 1377 dignitas,

551 1385 653 1418 Tollit
680 1385 777 1428 bella,
806 1384 915 1417 cordis
943 1384 1028 1424 fella,

599 1434 722 1467 Mentis
748 1433 785 1466 fit,
811 1434 994 1466 sinceritas.

551 1483 611 1516 Est
637 1484 757 1516 amoris
785 1483 925 1515 vinclum
954 1482 1034 1516 foris

602 1532 734 1575 Optima
762 1531 914 1572 felicitas,

554 1582 677 1614 Premit
704 1582 770 1614 iras
796 1582 883 1614 intus
911 1581 1012 1620 diras,

599 1631 673 1664 Oris
701 1636 749 1663 est
775 1630 960 1664 sinceritas.

265 1739 337 1767 Piae
360 1739 522 1768 Cantiones
548 1736 622 1766 1582
644 1738 695 1765 fol.
718 1739 750 1766 M
771 1736 789 1766 6
811 1739 829 1766 b
855 1747 918 1774 sqq.
940 1737 1125 1773 (Klemming
1150 1738 1200 1769 lv,
1224 1734 1281 1769 76.)

683 1934 754 1965 204.
797 1933 840 1965 De
864 1931 1049 1965 concordia.

198 2039 230 2072 1.
258 2038 445 2077 Laetamur,
473 2046 584 2070 omnes
612 2036 702 2079 socii,
911 2038 944 2070 2.
972 2036 1151 2078 Benignam
1180 2036 1279 2067 vitam
1309 2035 1418 2068 ducite

258 2087 443 2121 Psallentes
469 2096 542 2120 cum
568 2086 725 2128 tripudio,
971 2087 1009 2119 In
1037 2085 1133 2117 huius
1160 2084 1259 2117 saecli
1287 2085 1428 2127 tramite,

259 2138 297 2170 In
322 2141 436 2170 nostro
461 2137 506 2169 sit
533 2136 698 2169 consortio
971 2136 1091 2168 Omnes
1119 2134 1211 2166 dolos
1238 2133 1357 2166 abicite

258 2186 413 2220 sincerus
439 2195 541 2224 amor,
570 2195 649 2219 vera
970 2183 1117 2216 Virtutes
1145 2183 1300 2216 bonorum

256 2235 371 2276 Fides,
397 2236 514 2277 procul
538 2235 590 2268 ira
971 2234 1020 2266 Ac
1049 2233 1251 2266 honestatem
1279 2242 1402 2265 morum

258 2285 303 2318 Et
328 2285 522 2328 indignatio.
970 2281 1064 2316 Actis
1091 2282 1246 2323 colligite.

658 2391 717 2431 Te,
747 2389 889 2432 Christe,
917 2389 1066 2433 benigne,

658 2439 839 2480 Laudeque
867 2438 964 2481 digne

707 2489 897 2529 Precamun
