1650 2727
733 188 777 192 -
827 168 873 204 25
926 187 971 193 -.-

633 268 694 299 80.
725 266 814 299 Dare
840 267 935 300 nobis
962 267 1143 300 consilium.

626 365 658 399 9.
687 364 786 397 Cuius
812 363 845 396 in
873 365 1049 406 praeconia

173 461 258 495 102.
290 460 422 493 Intonet
879 462 922 495 10
933 462 966 494 b.
998 462 1141 495 Resonet

343 509 524 550 harmonia,
1049 510 1243 551 symphonia

176 609 216 642 11
231 618 260 642 a.
293 607 394 646 Patri,
422 611 498 640 nato
881 609 920 642 11
937 609 967 641 b.
1002 609 1179 651 Athanato,

342 657 507 694 athanato,
1050 657 1205 690 athanato

606 755 660 789 12.
693 754 742 786 De
769 755 895 796 virgine
921 754 1039 788 Maria.

174 853 216 886 13
227 862 258 886 a.
290 852 379 894 Ergo
406 860 467 892 per
492 852 572 885 haec
599 853 721 894 gaudia
881 854 967 888 1311.
999 853 1129 886 Gaudet
1155 852 1239 885 caeli
1265 853 1368 893 curia,

605 952 647 984 13
659 961 686 983 c.
724 950 875 984 Gaudeat
901 951 1052 994 ecclesia,

169 1048 215 1082 14
227 1058 256 1081 a.
291 1047 485 1081 Vociferans
511 1048 662 1090 prodigia
873 1050 917 1082 14
930 1050 962 1082 b.
995 1049 1059 1082 Per
1085 1050 1166 1082 haec
1191 1057 1285 1082 sacra
1313 1049 1485 1082 sollemnia

601 1148 683 1181 140.
720 1149 852 1181 Patrem
879 1153 990 1181 natum
1020 1149 1060 1181 de
1087 1147 1166 1182 filia.

243 1264 368 1301 Tropar.
394 1273 449 1291 ms.
479 1264 674 1292 Martialense
703 1272 781 1292 saec.
805 1262 850 1292 12.
873 1262 933 1301 [13.
959 1263 1024 1302 l4.].
1048 1264 1120 1293 cod.
1142 1265 1271 1293 Parisin.
1298 1263 1380 1294 1139.
1404 1280 1440 1284 -
1462 1266 1520 1293 Die

164 1303 295 1332 Melodie
315 1303 476 1338 (Neumen)
497 1304 664 1339 entspricht
684 1312 783 1340 genau
804 1303 857 1332 der
878 1304 1073 1341 vorgelegten
1096 1305 1269 1340 Abteilung.

595 1508 639 1540 10.
682 1508 717 1540 In
738 1507 920 1540 Nativitate
944 1509 1078 1541 Domini.

225 1612 257 1647 1.
285 1611 486 1644 Resonemus
512 1612 574 1644 hoc
599 1612 701 1645 natali
928 1614 961 1646 3.
990 1612 1065 1644 Post
1098 1621 1279 1646 maerorem
1308 1613 1395 1645 redit
1421 1613 1517 1657 risus,

285 1660 391 1694 Cantu
417 1661 557 1701 quodam
584 1662 731 1702 speciali,
990 1663 1151 1702 Aperitur
1178 1662 1362 1702 paradisus,

285 1709 374 1742 Deus
400 1714 475 1743 ortu
501 1712 676 1752 temporali
992 1711 1052 1743 Est
1080 1712 1110 1744 in
1139 1713 1237 1744 terris
1263 1711 1352 1744 Deus
1380 1711 1478 1755 visus,

283 1758 333 1791 De
358 1763 486 1793 secreto
513 1761 666 1801 virginali
993 1761 1094 1801 Lapis
1121 1770 1218 1793 manu
1244 1771 1307 1793 non
1335 1761 1516 1803 praecisus,

335 1809 499 1842 Processit
524 1809 634 1853 hodie,
1038 1811 1138 1851 Quem
1167 1811 1251 1843 vidit
1277 1810 1407 1850 Daniel,

282 1859 486 1900 Argumenta
990 1860 1091 1900 Quem
1120 1864 1290 1892 venturum

331 1911 458 1941 cessent
485 1906 656 1949 perfidiae.
1040 1909 1206 1950 praedixit
1234 1908 1381 1942 Gabriel.

222 2019 256 2052 2.
283 2017 439 2058 Magnum
458 2018 590 2059 quidem
609 2023 862 2056 sacramentum,
928 2021 961 2052 4.
990 2018 1054 2050 Hic
1081 2022 1130 2051 est
1159 2023 1272 2050 noster
1298 2018 1476 2059 angularis,

279 2066 397 2100 Mundi
424 2065 531 2100 factor
548 2067 583 2100 fit
602 2067 802 2109 figmentum,
989 2067 1071 2109 Spes
1098 2068 1257 2100 iustorum
1285 2068 1451 2106 salutaris,

281 2115 420 2150 Sumens
440 2119 548 2150 carnis
567 2118 804 2159 indumentum,
990 2117 1054 2149 Hic
1081 2121 1130 2150 est
1156 2122 1268 2150 noster
1294 2118 1459 2160 salutaris,

276 2165 322 2200 Ut
347 2164 498 2199 conferat
526 2167 755 2201 adiumentum
993 2168 1113 2199 I'otens
1132 2167 1226 2207 caeli,
1255 2170 1375 2205 terrae,
1404 2168 1514 2206 maris,

326 2216 478 2249 Humano
503 2217 628 2259 generi,
1038 2216 1201 2248 Facturae
1231 2216 1419 2256 condolens,

278 2265 398 2299 Coetus
424 2265 503 2298 inde
989 2267 1090 2306 Quam
1120 2266 1289 2305 premebat

327 2315 490 2348 mirantur
515 2315 638 2356 superi.
1039 2319 1199 2355 tyrannus
1227 2315 1381 2348 insolens.

230 2423 320 2458 Trop.
341 2431 395 2450 ms.
417 2423 615 2451 Martialense
637 2431 715 2450 saec.
741 2420 776 2449 12
797 2420 857 2459 [13.
882 2420 942 2459 14.]
963 2422 1035 2450 Cod.
1059 2424 1189 2451 Parisin.
1214 2422 1297 2451 1139.
1321 2439 1359 2443 -—
1384 2422 1406 2453 1,
1429 2422 1447 2450 6
1470 2433 1513 2460 sq.

150 2464 280 2492 Cessant
313 2466 500 2499 argumenta.
530 2478 566 2483 —-
593 2460 627 2496 4,
658 2461 676 2490 2
705 2471 749 2498 sq.
775 2461 830 2489 das
865 2461 1006 2499 doppelte
1042 2463 1186 2490 salutaris
1221 2472 1260 2491 au
1299 2466 1393 2491 erster
1420 2464 1514 2491 Stelle

148 2501 370 2540 adjektifisch,
409 2509 448 2530 an
478 2503 599 2530 zweiter
626 2500 883 2535 substantivisch;
914 2502 1008 2530 daher
1035 2505 1111 2530 nach
1141 2502 1414 2531 mittelalterlicher
1442 2501 1514 2531 Auf-

150 2543 278 2579 fassung
298 2541 372 2570 kein
394 2541 588 2570 fehlerhafter
609 2540 746 2575 (reicher)
767 2541 863 2569 Reim.
