1650 2727
732 185 998 221 —119—

367 283 430 316 Ad
466 283 652 318 Laudes.

380 340 476 377 Super
496 340 644 368 Psalmos.

217 400 259 434 A.
287 400 460 440 Iohannes,
486 409 558 432 cum
587 400 759 442 collegium

338 449 516 482 Missorum
543 450 764 490 congregavit,

287 498 490 540 Redemptor
515 502 593 530 tunc
619 502 652 530 te
678 498 781 531 filium

334 547 485 579 Tonitrui
511 547 651 580 vocavit.

213 625 251 657 V.
280 625 442 658 Iohannes
469 625 542 657 lesu
569 625 695 665 pectori

335 674 442 714 Caput
467 674 657 715 adelinam,

212 723 250 757 R.
279 724 358 757 Cum
386 732 464 755 suae
490 723 603 754 mortis
630 722 795 755 Dominus

329 773 430 804 Reum
460 772 632 805 revelavit.

378 849 423 876 Ad
446 850 636 877 Benedictus.

220 901 262 933 A.
291 899 463 934 Iohannes.
492 900 565 932 Iesu
592 900 748 942 aemulus,

280 947 408 989 Dignus
434 949 495 981 Dei
522 949 701 989 apostolus,

328 998 407 1030 Cum
437 998 561 1038 angelis
588 998 741 1037 laetatur,

278 1045 400 1077 Summi
430 1047 534 1086 patris
561 1047 712 1087 imaginis

278 1094 357 1127 Visu
386 1094 496 1127 fruens
523 1100 555 1126 et
583 1095 718 1136 virginis

323 1144 470 1176 Iucunde
498 1144 690 1179 delectatur.

364 1251 416 1283 Pe
428 1261 444 1283 r
480 1251 510 1283 H
521 1261 539 1283 o
550 1261 594 1283 ra
605 1261 630 1286 S.

396 1309 442 1336 Ad
464 1310 606 1337 Primam.

201 1369 243 1403 A.
270 1368 443 1412 Iohannes,
471 1369 525 1410 pie
552 1369 726 1411 credimus,

323 1417 415 1456 Quod
443 1419 567 1450 asinam
592 1419 738 1461 minavit,

269 1467 371 1506 Quam
400 1467 504 1503 Iesus.
531 1468 616 1499 sicut
643 1468 790 1509 legimus,

319 1515 405 1547 Dum
431 1514 535 1555 fleret,
566 1517 736 1557 equitavit.

197 1593 240 1626 V.
267 1594 297 1626 A
325 1594 469 1626 Iohanne
497 1595 617 1626 caritas

314 1643 390 1676 Fuit
418 1643 611 1684 praedicata

196 1691 236 1725 R.
264 1690 402 1732 Suisque
432 1692 603 1733 discipulis

317 1741 426 1773 Morte
453 1742 690 1776 commendata.

388 1828 433 1856 Ad
454 1829 596 1857 Tertiam.

197 1878 238 1912 A.
268 1879 429 1911 Iohannes
456 1888 568 1912 cenam
595 1880 742 1914 ultimam

315 1928 396 1961 Cum
423 1929 555 1962 Simone
581 1931 713 1970 paravit

265 1977 350 2019 Iesu,
377 1979 430 2019 qui
456 1979 551 2011 morti
579 1980 720 2012 animam

316 2027 379 2060 Pro
407 2028 528 2069 populo
554 2028 699 2064 donavit.

192 2105 234 2141 V.
262 2105 426 2139 Iohannes
453 2107 564 2140 multis
587 2107 731 2141 lacrimis

313 2156 420 2188 Iesum
448 2157 612 2197 sepelivit„

193 2204 234 2240 R.
263 2204 343 2238 Post
369 2206 438 2238 eius
465 2207 562 2240 matri
589 2206 721 2240 humilis

314 2263 446 2296 semper
471 2255 650 2290 oboedivit.

386 2343 432 2371 Ad
455 2343 589 2372 Sextam.

188 2391 231 2425 A.
260 2392 434 2436 Iohannes,
461 2393 525 2427 Dei
551 2393 639 2427 filius

310 2443 500 2477 Prostratus
525 2443 585 2476 tibi
614 2444 697 2477 lavit

261 2492 378 2536 Pedes,
406 2502 500 2534 quem
528 2493 629 2527 Iudas
655 2493 774 2535 impius

310 2543 460 2584 argento
487 2543 710 2577 commutavit.

932 283 972 318 V.
999 283 1161 316 Iohannes
1189 292 1274 314 nunc
1301 284 1332 315 in
1360 284 1468 324 patria

1047 332 1153 364 Valde
1180 331 1384 371 sublimatur,

927 381 966 413 R.
994 380 1045 413 De
1070 381 1160 412 cuius
1187 390 1302 422 magna
1329 382 1433 421 gloria

1043 429 1195 461 Ecclesia
1222 430 1372 462 laetatur.

1120 525 1165 552 Ad
1187 526 1313 552 Nonam.

926 599 967 630 A.
996 596 1158 628 Iohannes
1186 595 1332 627 amicitia

1032 645 1109 676 Plus
1121 645 1245 675 cunctis
1258 644 1387 676 Christo
1398 645 1538 685 iunctus,

993 693 1076 726 Dira
1104 692 1166 725 fuit
1193 694 1343 734 angustia

1044 743 1081 774 In
1108 751 1167 774 sua
1193 747 1297 774 morte
1324 748 1474 783 punctus.

922 831 960 864 V.
988 831 1085 863 quta
1114 840 1243 863 cruceni
1275 831 1404 864 Domini

1040 880 1202 912 Iohannes
1230 881 1283 921 pie
1310 880 1418 911 stabat

922 929 960 962 R.
990 930 1196 970 Matremque
1224 939 1294 961 cum
1324 929 1391 961 filio

1040 980 1162 1011 Amare
1191 979 1395 1019 deplorabat.

1055 1117 1117 1149 Ad
1147 1117 1376 1156 Vesperas.

1080 1184 1177 1220 Super
1198 1185 1344 1213 Psalmos.

917 1254 958 1287 A.
987 1253 1159 1293 Iohannes,
1189 1255 1298 1285 multis
1323 1255 1467 1286 lacrimis

1035 1303 1114 1336 Cum
1142 1308 1246 1335 matre
1273 1304 1420 1344 sepelisti

986 1353 1104 1394 lesum,
1133 1362 1226 1393 quem
1254 1354 1367 1393 poenis
1387 1352 1536 1385 maximis

1033 1400 1146 1442 Affligi
1175 1403 1387 1442 conspexisti.

915 1489 954 1523 V.
983 1488 1037 1521 Sic
1064 1490 1241 1521 Iohannem
1270 1491 1427 1530 virginem

1033 1539 1125 1571 Iesus
1153 1540 1348 1581 peramavit,

913 1587 954 1620 R.
982 1588 1075 1628 Quod
1102 1588 1152 1620 illi
1180 1593 1316 1620 matrem
1346 1589 1504 1629 virginem

1034 1637 1118 1669 Care
1147 1638 1398 1671 commendavit.

981 1765 1042 1798 Ad
1080 1765 1433 1806 Completorium.

909 1845 952 1877 A.
980 1843 1143 1876 Iohannes
1171 1848 1305 1877 cunctas
1332 1845 1432 1877 Asiae

1027 1893 1196 1925 Ecclesias
1222 1893 1395 1934 plantavit,

977 1942 1064 1982 Quas
1091 1943 1236 1985 singulas
1263 1944 1384 1975 cotidie

1026 1992 1105 2024 Tam
1136 1992 1218 2024 bene
1245 1993 1451 2034 gubernavit.

906 2082 946 2114 V.
975 2081 1013 2113 In
1040 2081 1148 2115 medio
1177 2082 1336 2114 ecclesiae

1025 2131 1189 2163 Iohannes
1216 2131 1434 2173 praedicavit,

906 2180 946 2213 R.
975 2179 1102 2221 Spiritu
1127 2181 1308 2221 sapientiae

1023 2231 1124 2270 Quem
1150 2229 1309 2262 Dominus
1337 2230 1501 2272 implevit.

1020 2327 1117 2363 Super
1138 2328 1226 2355 Nunc
1247 2327 1384 2354 dimittis.

905 2398 947 2432 A.
977 2398 1140 2430 Iohannes
1167 2397 1254 2429 inter
1282 2406 1438 2439 proceres

1022 2447 1084 2480 Est
1110 2447 1234 2487 primos
1261 2446 1421 2487 paradisi,

971 2496 1021 2530 Ob
1049 2495 1139 2528 cuius
1167 2494 1293 2528 fructus
1320 2496 1441 2528 uberes

1020 2545 1103 2578 Sunt
1126 2545 1260 2586 plurimi
1287 2545 1404 2585 gavisi.
