1650 2727
707 135 972 172 -141-

173 231 258 266 loa.
288 232 353 266 Cor
376 233 418 266 ad
445 234 622 266 amandum
649 233 759 275 aperis

338 282 506 315 Inclinans
531 291 568 315 os
593 282 637 315 ad
665 282 788 321 oscula,

175 368 249 402 lla
291 370 432 402 Matrem
458 369 545 411 piam
574 369 736 411 discipulo

339 417 591 458 Commendaus,
606 419 695 460 patri
709 418 872 461 spiritum,

178 505 221 539 12
233 515 261 538 a.
291 506 345 539 Sic
375 510 480 538 morte
506 509 644 538 mortem
674 506 817 538 destruis

340 553 816 596 Vincensinferuiprincipem⁴

178 643 221 677 13
233 651 261 675 a.
292 642 454 675 Succurre
480 642 587 684 nobis,
614 642 763 685 Domine,

288 691 350 731 Qui
380 701 497 732 passus
525 701 559 724 es
586 700 646 732 pro
673 691 813 729 homine,

821 837 865 872 ΙΙ.

194 938 254 971 1a.
283 939 311 970 A
340 938 485 978 peccatis

285 986 489 1027 perpetratis

333 1035 417 1068 Reos
444 1035 562 1077 libera,

331 1085 512 1126 Indulgere
539 1084 666 1117 scelera

334 1135 506 1168 Accelera.

197 1225 258 1257 2a.
288 1223 438 1263 Tropaeo
466 1222 517 1254 fac
545 1231 603 1256 nos
630 1223 756 1263 inclito,

334 1272 404 1312 Quo
431 1281 570 1312 superas
600 1271 779 1312 diabolum,

197 1363 256 1396 3³..
283 1362 365 1402 Ave,
395 1370 485 1403 crux,

284 1410 425 1443 Turmae
453 1409 530 1448 dux,

331 1458 453 1492 Forma
480 1459 710 1499 paenitentiae,

384 1509 434 1541 Tu
463 1508 678 1541 Peccatorum
705 1507 810 1541 venia.

201 1639 265 1670 42.
292 1637 434 1670 Nostrae
460 1636 576 1669 salutis
601 1645 733 1678 ancora,

338 1685 388 1718 Tu
426 1689 541 1727 portus
574 1687 607 1719 in
634 1685 817 1727 naufragio,

199 1778 261 1809 5a.
290 1775 339 1807 Tu
367 1776 522 1808 vexillum
552 1774 638 1816 regis

335 1824 382 1858 Es
409 1825 579 1865 victon'ae,

386 1874 586 1907 Decoratum

436 1923 553 1965 Dignis
573 1923 656 1956 lucis
671 1922 816 1958 dotibus.

197 2015 259 2047 6a.
288 2013 340 2046 Ab
369 2012 473 2046 hostis
500 2014 635 2056 maligni

332 2063 484 2096 Failacia

332 2112 443 2154 Atque
470 2112 655 2155 pertinacia

383 2162 525 2195 Virtutis

434 2209 585 2245 Defende

337 2259 406 2293 Nos
430 2261 591 2302 potentia,

197 2350 258 2383 7a.
287 2350 348 2390 Qui
376 2352 492 2391 regnat
517 2349 551 2382 in
578 2348 690 2389 caelis,

339 2397 419 2432 Cum
447 2398 574 2440 angelis

389 2447 565 2481 Exultatus

439 2497 517 2531 Sine
542 2496 695 2536 termino,

885 234 930 268 10
941 234 974 267 b.
1004 233 1126 267 Suffers
1147 235 1273 275 plagas,
1293 236 1369 268 dum
1384 235 1523 276 caperis,

1050 283 1166 324 Sputa,
1193 282 1334 324 flagella,
1361 283 1504 326 vincula,

885 370 926 403 11
941 370 972 402 b.
1001 369 1098 402 Aceti
1123 374 1252 411 sumpto
1279 371 1396 410 poculo

1048 419 1166 451 Carnis
1181 420 1355 451 exsolvens
1366 419 1523 452 debitum.

889 506 934 540 12
945 505 977 538 b.
1007 506 1067 545 Qui
1095 505 1254 537 latronem
1282 506 1426 538 instituis

1051 554 1114 586 Tui
1142 554 1232 595 regni
1261 554 1465 594 participem.

887 642 932 675 13
944 642 976 674 b.
1004 641 1072 674 Fac
1099 651 1157 673 nos
1185 643 1215 674 in
1243 646 1298 673 tuo
1326 643 1456 674 numine

1001 691 1083 723 Frui
1109 690 1242 723 caelesti
1270 690 1399 724 lumine.

908 937 970 971 lb.
998 936 1074 968 Tibi
1102 940 1212 976 gratos

997 985 1041 1017 Et
1069 986 1180 1017 beatos

1046 1036 1122 1068 Pios
1151 1033 1255 1071 effice,

1048 1084 1142 1115 Vitae
1170 1091 1266 1115 verae
1293 1081 1425 1123 perfice,

1049 1133 1117 1165 Nos
1146 1133 1266 1173 aspice.

909 1221 971 1255 2b.
1001 1221 1082 1254 Cum
1105 1221 1224 1261 spiritu
1251 1220 1411 1260 paraclito

1052 1271 1187 1303 Hostem
1201 1270 1328 1302 calcare
1339 1269 1523 1303 subdolum.

907 1359 972 1394 3b.
1003 1360 1039 1391 In
1067 1364 1099 1391 te
1126 1368 1212 1399 spes,

997 1408 1042 1440 Et
1068 1408 1240 1448 (re)quieS‚

1050 1457 1173 1490 Norma
1201 1457 1390 1499 patientiae,

1101 1506 1272 1539 Caelorum
1288 1510 1425 1547 tangens
1439 1514 1525 1539 moe-

1348 1565 1413 1590 nia.

911 1636 977 1670 4b.
1006 1635 1066 1675 Qui
1095 1635 1208 1667 mundi
1234 1634 1347 1675 placas
1373 1643 1516 1675 aequora

1052 1685 1150 1718 Pacis
1178 1684 1255 1717 dato
1279 1684 1444 1724 suffragio.

911 1774 974 1810 5b.
1003 1774 1052 1806 Tu
1081 1774 1223 1814 sigillum
1252 1773 1344 1815 legis,

1052 1821 1171 1856 Decus'
1188 1823 1322 1863 gloriae,

1101 1872 1316 1905 Sublimaturn

1153 1922 1261 1963 Signis
1289 1926 1321 1954 et
1339 1921 1527 1955 virtutibus.

901 2013 965 2047 6b.
996 2013 1040 2046 Ut
1069 2014 1144 2046 Iesu
1172 2011 1303 2052 benigni

1049 2062 1119 2094 Nos
1146 2062 1252 2102 gratia

1051 2112 1159 2144 Ducat
1185 2112 1228 2144 ad
1254 2111 1377 2143 solacia

1100 2160 1223 2193 Salutis

1151 2210 1315 2242 Colendae

1052 2261 1132 2294 Cum
1161 2259 1345 2291 clementia.

914 2347 976 2383 7b.
1004 2347 1071 2382 Ubi
1098 2357 1178 2389 grex
1205 2347 1324 2388 fidelis,

1051 2397 1270 2439 Archangelis

1101 2445 1262 2486 Sociatus‚

1151 2495 1247 2529 Canit
1275 2494 1426 2528 Domino.
