1650 2727
259 235 354 275 Quod
386 235 429 268 ad
457 235 580 268 caelum
605 235 801 268 iuncundius
958 236 1023 269 Per
1049 235 1147 267 ducat
1172 241 1231 266 nos
1256 233 1290 265 iu
1314 230 1438 263 lumine

260 285 368 316 Morte
394 285 513 316 transit
540 289 571 316 et
598 282 724 322 fortius.
1008 283 1087 316 Cum
1113 290 1248 315 numero
1273 280 1429 319 ternario,

305 333 374 372 Quo
400 332 558 365 Dominus
584 333 743 374 regnavit.
1054 333 1125 373 Quo
1151 332 1243 364 Iesus
1268 329 1444 363 adoratur.

198 423 231 455 2.
259 421 297 452 In
323 420 434 452 acerbi
460 421 609 460 martyrii

257 470 351 502 Beati
379 468 569 502 Gallectorii
1079 466 1123 494 Ad
1146 467 1289 494 Tertiam.

307 518 426 549 Sancta
452 518 669 549 sollemnitate
1107 555 1113 560 ,
1375 553 1381 559 ,

260 567 351 600 Sicut
378 567 538 598 laetantes
565 565 624 598 filii
889 559 930 590 A.
958 557 1077 610 Legem
1106 565 1137 586 ιι]
1166 554 1264 587 corde
1291 558 1397 607 POS⁰}¹·

260 615 409 653 Psalmis,
437 615 564 655 hymnis
591 613 692 647 officii
956 605 1029 642 Deh
1057 613 1152 644 quam
1182 602 1268 635 facto
1294 606 1409 637 tenum

306 664 445 697 Domino
472 663 616 696 iubilate.
1006 654 1044 686 In
1071 661 1133 693 qua
1160 650 1364 689 iustificatur,

957 702 1076 734 Beatus
1104 700 1309 732 Galectorius

205 753 236 785 3.
265 751 362 791 Deus,
386 750 440 791 qui
465 751 585 783 sanctis
611 751 759 782 omnibus
960 751 1106 791 Praesul‚
1134 753 1260 789 martyr
1287 748 1448 788 egregiuS‚

259 800 398 832 Mortem
426 808 485 838 pro
512 803 544 829 te
572 798 750 831 ferentibus
1007 799 1069 832 Pro
1093 807 1157 838 qua
1183 797 1426 838 martyrizatur.

307 847 374 880 Das
400 847 582 888 exemplum
611 849 640 878 in
670 855 774 879 cruce.

258 896 345 928 Fons
372 897 457 927 vitae
483 896 676 935 sitientibus,

260 945 330 976 Lux
357 945 400 976 ad
426 948 458 975 te
486 943 694 983 vigilantibus
1080 931 1124 959 Ad
1146 932 1278 958 Sextum.

308 992 497 1025 Ostenderis
529 993 568 1023 de
595 993 676 1024 luce.
1064 1020 1070 1026 ,
1138 1020 1143 1024 .
1331 1018 1336 1023 .

772 1060 776 1061 ⁷
890 1023 930 1054 A.
958 1018 1089 1052 Defecit
1116 1024 1183 1051 vita
1210 1028 1358 1060 corporis

197 1083 228 1112 4.
258 1079 357 1119 Caeli,
387 1084 556 1119 terraeque
582 1079 718 1111 marium
958 1069 1063 1101 Huius
1087 1077 1239 1100 mensura
1266 1067 1424 1107 temporis

261 1129 424 1160 Fau-turae
451 1137 558 1159 rerum
586 1128 726 1160 omnium
1008 1117 1198 1171 Lab-oreque
1227 1116 1351 1170 (1⁰¹qu'

312 1176 509 1208 Benedicant
538 1175 706 1218 factorem,
959 1166 1186 1206 Decapitantis
1214 1165 1315 1205 gladii
1345 1213 1363 1218 ..

260 1226 320 1263 Qui
347 1225 433 1265 genii
462 1225 695 1256 Beurueusium
959 1214 1120 1247 Coronam
1145 1215 1234 1267 cepit
1250 1213 1367 1267 ¹bravii

261 1273 396 1305 Beatum
423 1273 641 1306 Galectorium
1008 1263 1143 1297 Plenam
1170 1262 1339 1295 felicitate.

309 1321 371 1354 Dat
407 1326 533 1362 patrem
567 1326 597 1352 et
624 1326 800 1361 pastorem.

200 1412 232 1441 5.
261 1409 398 1440 Laboris
426 1409 638 1448 confirmatio,
1087 1397 1132 1425 Ad
1155 1398 1282 1424 N⁰¹¹³¹¹¹·

261 1457 403 1489 Honoris
431 1458 602 1489 retributio

310 1505 361 1537 Fit
388 1514 458 1537 cum
485 1504 642 1537 felicitate

260 1555 338 1586 Alto
364 1553 445 1586 caeli
472 1554 594 1593 palatio

261 1603 362 1635 Beato
391 1602 587 1641 Galectori0‚

309 1652 373 1683 Cur
399 1651 571 1683 Dominum
599 1651 741 1685 laudate.

890 1489 932 1520 A.
960 1486 1067 1519 Multa
1093 1490 1167 1518 sunt
1195 1484 1358 1517 mirabilia

961 1535 1132 1575 Multaque
1155 1534 1341 1566 testimonia

1007 1583 1156 1616 Eximiae
1184 1583 1328 1620 virtutis,

958 1632 1060 1664 Beato
1087 1631 1274 1664 Galectorio

959 1681 1152 1713 Praestante
1179 1679 1362 1721 patrocinio

1007 1729 1134 1762 Donum
1163 1730 1257 1761 adest
1284 1727 1409 1761 salutis.

350 1757 395 1784 Ad
418 1757 607 1785 Benedictus.

194 1827 236 1859 A.
264 1827 382 1859 Sancte
409 1826 586 1867 Galectori,

309 1875 436 1915 patriae
451 1874 518 1914 lux,
533 1874 674 1914 praesul,
689 1875 803 1907 adesto

257 1921 312 1954 Sic
337 1922 489 1962 precibus
514 1924 635 1955 nostris
1002 1925 1049 1957 In
1083 1925 1117 1957 2.
1154 1924 1375 1965 vesperis

308 1971 439 2004 adiutor
464 1976 610 2010 tempore
636 1975 779 2012 praesto,

259 2019 353 2060 Quod
380 2020 483 2060 pulsis
511 2020 615 2060 culpis
1059 2020 1104 2047 Ad
1124 2020 1310 2057 Magnificat.

310 2069 469 2102 laetemur
494 2075 630 2109 perpete
656 2067 752 2101 festo.

896 2129 939 2162 A.
968 2127 1094 2166 Gaude,
1122 2128 1294 2161 Lascurris
1321 2130 1446 2170 civitas,

1014 2177 1112 2211 Tanti
1138 2179 1242 2217 patris
1270 2179 1417 2219 reliquiis

351 2214 430 2247 Ρθῑ
466 2214 617 2249 ΗΟΥἏΞ-
1062 2225 1228 2259 Decorata
1253 2227 1432 2266 miraculis,

377 2292 424 2319 Ad
447 2291 587 2319 Primam.
965 2274 1001 2306 In
1029 2275 1160 2315 populis
1186 2280 1222 2307 ut
1249 2277 1370 2309 veritas

961 2322 1177 2365 Protestetur,
1205 2325 1293 2366 qnod
1321 2327 1479 2358 sauctitas

190 2373 232 2406 A.
262 2371 363 2411 Deus,
390 2371 423 2403 in
451 2372 540 2404 cuius
566 2371 696 2404 nomine
1059 2372 1155 2406 Beati
1182 2373 1364 2407 Galectorii

307 2421 410 2454 Beato
436 2419 624 2453 Galectorio
1010 2421 1062 2455 sit
1087 2423 1253 2462 sequenda
1279 2423 1427 2466 vestigiis

357 2469 452 2503 Salus
480 2474 512 2502 et
538 2469 605 2502 vita
632 2469 739 2511 datur,
1057 2471 1180 2504 Amore
1202 2473 1318 2507 summi
1344 2474 1495 2514 praemii,
