1650 2727
350 265 398 294 Ad
419 265 608 294 Benedictus.

153 354 197 388 A.
227 355 287 387 Vir
311 354 426 386 doctus
452 355 486 386 in
510 353 676 394 principio

227 402 306 436 Cum
333 402 453 443 spiritu
479 402 656 435 cherubico

277 450 501 492 Prophetabat
527 450 664 491 civitati,

274 501 365 540 Quae
390 499 505 533 innixa
528 500 661 533 veritati

326 549 490 590 Prospera
516 548 662 582 videbat.

228 598 392 631 Procedes
420 598 653 637 abundantius,

226 647 298 680 Nec
323 647 414 679 locus
441 647 502 679 erit
530 655 663 687 vacuus,

225 695 394 730 Gaudebis
421 695 636 728 excellentius

274 745 376 778 Bonis
403 745 530 777 civibus
557 745 694 785 repleta,

325 794 418 826 Sicut
444 793 650 827 ostendebat.

226 844 296 877 Nos
322 847 450 884 patrem
478 842 707 885 confidentius,

226 894 277 926 Ne
303 901 404 933 genus
431 893 474 925 sit
502 893 656 935 deterius,

225 943 404 975 Preeemur
429 941 628 982 affluentius,

276 991 417 1023 Laetitia
443 991 486 1022 sit
501 991 686 1030 completa,

320 1039 412 1072 Sicut
439 1040 603 1080 cupiebat.

800 169 869 206 185
920 187 969 193 —

1014 268 1060 300 In
1087 268 1121 301 2.
1151 267 1364 308 Vesperis.

1060 334 1105 362 Ad
1128 334 1312 370 Magnificat.

813 407 856 441 A,
883 405 1008 437 Terrae
1035 404 1141 436 cultor
1166 403 1299 446 optime,

935 452 1038 492 Quam
1060 451 1186 493 reperis
1213 452 1402 494 edomitam,

935 501 1056 533 Nullae
1083 501 1231 533 culturae
1257 501 1422 533 redditam

987 550 1094 582 Noxia
1118 549 1268 591 sectanti,

935 599 1093 639 Astringe
1120 599 1230 638 lapsus
1260 599 1378 642 varios,

936 647 1004 680 Nos
1032 646 1173 679 fecunda
1199 646 1349 679 subditos

985 696 1105 737 Magna
1132 696 1314 728 suscitanti.

885 745 911 778 Ο
938 749 1034 786 pater
1059 745 1276 786 sanctissime,

933 795 1034 835 Quem
1064 799 1212 827 tenemus
1240 793 1449 827 defensorem

932 843 977 876 Et
1004 854 1064 884 pro
1090 842 1183 876 nobis
1211 847 1375 875 oratorem

982 894 1034 925 Ad
1062 892 1206 924 tribunal
1235 892 1307 933 Dei,

933 941 1095 975 Officii
1123 941 1373 974 conditoris

932 990 977 1023 Et
1002 991 1128 1031 indigni
1155 991 1354 1022 successoris

982 1040 1031 1072 Tu
1059 1044 1220 1072 memento
1247 1040 1321 1072 mei.

233 1127 359 1156 Collect.
387 1137 441 1154 ms.
463 1124 672 1163 Ticinense[·?]
701 1136 779 1155 saec.
812 1126 856 1155 15.
877 1127 949 1156 Cod.
974 1128 1100 1155 Roman.
1126 1125 1200 1154 1300
1217 1126 1345 1157 (δεθείη.
1367 1124 1444 1161 343).
1467 1141 1506 1147 -—-

151 1167 195 1195 In
218 1165 244 1194 1.
266 1165 471 1200 Noct.A1‚
491 1165 511 1194 4
532 1169 700 1202 angustam.
722 1181 761 1185 —
782 1167 824 1195 In
845 1164 872 1194 2.
894 1167 998 1194 Noct.
1021 1165 1050 1194 R
1072 1165 1099 1199 2,
1122 1164 1138 1194 7
1155 1167 1223 1193 Hie.
1242 1181 1274 1184 —
1293 1167 1335 1194 In
1356 1164 1383 1193 3.
1405 1167 1510 1195 Noet.

153 1204 183 1235 R
205 1204 239 1239 2,
266 1205 279 1234 1
297 1205 470 1233 clamamus
492 1214 599 1234 caecus
622 1205 777 1233 lustratur.
800 1221 836 1225 —-
856 1200 940 1234 Uber
961 1206 1017 1233 den
1042 1205 1246 1240 „conditor
1268 1205 1423 1234 officii“
1448 1206 1510 1243 vgl.

152 1246 245 1274 Anal.
266 1245 384 1278 XLIII,
412 1245 464 1272 Nr.
485 1243 540 1273 491
565 1245 597 1272 in
618 1248 679 1272 not.
725 1246 784 1274 Die
808 1247 951 1282 Hymnen
972 1255 1039 1272 zum
1061 1245 1201 1272 Officium
1223 1245 1339 1272 ebenda
1361 1248 1391 1273 S.
1414 1243 1508 1273 290ff.

559 1380 605 1410 56.
648 1379 683 1411 lu
705 1379 798 1412 Festo
819 1381 971 1412 Sororum
993 1380 1082 1411 mlv.

288 1471 334 1503 In
365 1472 395 1505 1.
424 1471 646 1513 vesperis.

146 1570 188 1605 R.
216 1569 399 1603 Benedicta
426 1570 505 1602 villa
531 1569 642 1609 maris,

219 1620 324 1661 Quam
350 1619 516 1652 thesauris
533 1624 600 1652 tam
615 1619 795 1660 praeclaris

273 1668 345 1701 Rex
373 1668 492 1700 ditavit
517 1668 653 1710 gloriae,

224 1718 263 1750 In
290 1720 322 1749 te
348 1722 463 1758 portus
489 1718 656 1758 salutariS,

222 1766 277 1800 Sal
305 1767 436 1798 virtutis
464 1771 496 1798 et
522 1767 642 1800 amaris

268 1816 504 1856 Aquaeductus
531 1819 668 1858 gratiae.

143 1866 183 1901 V.
217 1865 295 1898 Sola
323 1865 422 1907 digna
447 1865 611 1907 gloriaris,

219 1915 315 1956 Quod
342 1924 472 1948 sorores
498 1915 700 1957 amplexaris

266 1964 412 2006 Virginis
439 1965 589 1998 eximiae.

337 2062 384 2090 Ad
404 2063 592 2100 Magnificat.

140 2135 185 2169 A.
213 2133 239 2167 O
268 2132 348 2166 felix
375 2135 542 2177 prosapia,

269 2183 323 2218 Ex
348 2183 453 2224 regali
479 2183 627 2226 germine

312 2232 423 2266 David
451 2234 655 2276 propagata!

215 2282 321 2316 Beata
348 2282 534 2328 Provincia,

267 2331 334 2367 Sub
361 2331 490 2365 Mariae
516 2331 648 2366 nomine

317 2380 430 2414 Stellis
457 2380 641 2416 illustrata!

215 2431 324 2474 Digne
348 2431 485 2472 gaudes,
513 2432 593 2464 villa
619 2429 733 2472 maris,

217 2481 308 2522 Quae
336 2479 464 2513 duabus
490 2480 623 2514 filiabus

213 2531 333 2564 Annae
358 2530 558 2564 venustaris.

995 1473 1057 1505 Ad
1082 1472 1360 1505 Matutinum.

1068 1551 1292 1577 Invitatorium.

979 1639 1158 1672 Iubilemus
1185 1640 1217 1671 in
1247 1640 1307 1671 hac
1333 1641 1386 1672 die

932 1689 1048 1729 Dignis
1076 1689 1146 1722 Deo
1173 1689 1337 1729 laudibus,

930 1739 991 1778 Qui
1019 1739 1118 1771 claris
1147 1739 1323 1771 virtutibus

930 1788 1078 1829 Regnum
1108 1789 1162 1821 dat
1191 1788 1359 1821 sororibus

981 1838 1124 1879 Virginis
1152 1837 1290 1871 Mariae.

992 1985 1038 2018 In
1068 1986 1098 2018 1.
1126 1984 1365 2018 Nocturno.

1077 2063 1280 2099 Antiphonae.

870 2155 901 2186 1.
930 2154 1029 2193 Ecce,
1059 2154 1130 2186 dies
1156 2153 1310 2193 gloriosa,

931 2203 1013 2236 Dies
1040 2203 1162 2235 mundo
1190 2203 1344 2243 gratiosa,

931 2253 1001 2293 Qua
1027 2261 1158 2285 sorores
1186 2252 1300 2284 matris
1328 2251 1453 2284 Christi

932 2302 1128 2334 Met-uerunt
1155 2301 1247 2333 caelo
1275 2301 1360 2334 sisti.

871 2380 903 2412 2.
934 2379 1128 2413 Gratuletur
1155 2380 1273 2412 civium

981 2429 1100 2462 Coetus
1127 2438 1355 2470 supernorum,

930 2477 1107 2512 Festivans
1134 2479 1339 2511 sollemnium

982 2527 1158 2561 Sacrarum
1182 2537 1342 2560 sororum.
