1650 2727
712 168 757 174 —
809 146 878 183 116
931 169 973 173 —

621 242 688 274 140.
730 243 774 274 De
794 242 890 275 beata
909 241 1012 274 Maria
1031 242 1070 276 V.

209 357 216 363 .
247 331 354 373 Salve,
382 333 468 366 mitis
495 334 694 378 virguncula,

247 381 296 413 Tu
322 382 479 415 trinitatis
505 383 633 423 cellula,

295 430 402 464 Maria
428 431 625 471 beatissima,

247 479 402 513 virtuosa
425 482 540 513 Annae
566 485 652 525 nata,

246 528 284 560 In
310 530 455 567 mysticis
482 530 628 571 typicata

294 577 435 619 Figuris,
463 579 711 620 aenigmatibus,

207 696 214 703 .
250 669 422 702 Nascentis
449 670 570 704 Christi
601 671 771 703 clementia

248 718 320 758 Illa,
347 728 442 758 quam
469 720 581 760 prodit
607 720 734 760 Sibylla

297 766 452 800 Sollemni
479 769 642 801 vaticinio.

212 886 219 892 .
248 859 425 892 Ierusalem
452 859 529 897 tilia,

248 908 297 939 Tu
323 909 445 947 optima
472 909 607 940 consilia

296 956 386 988 Dans
414 958 540 989 veniam
568 957 749 998 quaerenti,

248 1005 297 1036 Tu
325 1004 424 1037 clavis
452 1015 485 1037 es
512 1005 682 1047 Davidica,

247 1053 294 1084 Tu
323 1062 356 1084 es
383 1055 544 1094 serpentis
572 1054 708 1094 pertica,

297 1103 473 1134 Percussus
501 1112 562 1143 qua
590 1103 727 1141 revixit,

207 1215 214 1222 .
247 1189 358 1222 Realis
385 1194 433 1221 est
460 1199 536 1222 arca
562 1191 630 1230 illa,

248 1238 297 1270 Ne
323 1238 510 1279 Charybdis
542 1249 600 1270 nos
627 1239 679 1270 vel
706 1238 817 1279 Scylla

296 1287 421 1319 Obruat
447 1289 479 1319 in
507 1288 640 1321 diluvio.

215 1405 222 1412 .
249 1379 379 1412 Amicta
405 1380 484 1421 sole,
513 1380 584 1410 luce
612 1380 717 1421 plena,

250 1429 351 1468 Quam
379 1438 448 1459 cum
478 1429 569 1468 prole
598 1428 748 1460 duodena

298 1476 343 1508 Te
371 1477 631 1508 circumtendunt
659 1476 779 1516 sidera,

251 1525 458 1557 Medicinalis
486 1526 672 1565 camphora,

248 1574 297 1606 Tu
324 1583 357 1605 es
384 1573 509 1606 farinae
536 1574 703 1614 amphora,

299 1622 347 1653 Tu
374 1623 435 1654 olei
462 1623 621 1663 lechytus.

208 1735 215 1742 .
248 1710 390 1750 Mystiea
416 1715 451 1742 tu
477 1710 679 1750 metaphora,

250 1758 299 1790 Tu
327 1763 477 1800 repetens
505 1759 682 1799 anaphora,

298 1807 365 1846 Qua
392 1817 498 1840 sermo
524 1807 559 1839 fit
588 1807 719 1848 politus.

216 1928 223 1935 .
251 1901 322 1932 Lux
349 1902 489 1932 omnium
517 1900 748 1941 pulcherrima,

250 1950 299 1981 Tu
326 1948 412 1982 fama
440 1949 662 1987 celeberrima,

298 1998 386 2030 Gens
410 2003 585 2039 praerogat
610 1998 769 2037 modesta,

251 2047 340 2081 Urna
371 2055 403 2080 tu
430 2057 556 2088 quoque
583 2056 691 2088 aurea,

250 2096 299 2128 Tu
326 2096 437 2129 tabula
463 2096 595 2137 lapidea

298 2145 388 2178 Dans
417 2147 527 2178 decem
554 2146 642 2177 iussa
668 2144 767 2185 genti.

210 2259 217 2266 .
248 2233 370 2266 Dotata
395 2234 483 2265 mille
510 2234 652 2265 sortibus

251 2282 294 2315 Et
320 2287 413 2323 grata
439 2291 517 2323 prae
545 2281 759 2324 consortibus,

300 2331 346 2363 Te
372 2332 506 2373 spiritus
533 2331 660 2372 ignivit.

885 337 919 368 5.
947 335 1112 367 Memento
1138 333 1242 366 nostri
1267 331 1388 371 oneris,

946 383 1016 415 Nos
1042 383 1197 416 Abrahae
1223 386 1259 413 ut
1285 380 1415 422 generis

995 431 1129 464 Fiamus
1156 430 1344 471 coheredes,

945 481 1093 521 Implora
1120 484 1209 512 tuum
1236 479 1350 517 filium,

946 531 993 564 Ut
1021 529 1075 561 det
1100 529 1194 561 nobis
1221 528 1392 567 auxilium,

995 578 1045 610 Tu
1069 578 1172 610 honor
1199 576 1368 615 trinitatis,

906 696 914 704 .
946 671 1122 703 Laetemur
1147 674 1183 702 ut
1208 670 1242 701 in
1270 668 1423 710 aetheris,

949 719 1141 752 Sanctorum
1168 727 1250 759 quae
1277 726 1356 758 prae
1383 716 1502 748 ceteris

997 767 1120 800 Nostra
1146 776 1180 799 es
1206 766 1411 799 advocatrix.

915 885 923 893 .
952 859 1083 899 Legalis
1109 867 1142 890 es
1170 858 1320 898 coniugii,

951 907 1069 938 Vitalis
1096 916 1130 938 es
1157 905 1274 947 refugii

999 955 1127 988 Fidelis
1153 955 1323 993 advocata,

950 1005 1039 1036 Arca
1065 1008 1100 1035 tu
1127 1013 1161 1035 es
1187 1003 1350 1044 aetherea,

951 1053 1012 1092 Tu,
1040 1053 1142 1093 virgo,
1172 1053 1265 1093 virga
1292 1051 1400 1084 fumea

997 1102 1153 1134 Aromate
1181 1101 1340 1141 pigmenti

909 1216 915 1222 .
949 1189 993 1221 Et
1020 1189 1151 1220 humilis
1179 1186 1375 1232 [ancillula],

951 1238 1000 1270 Tu
1027 1247 1060 1269 es
1086 1239 1118 1269 in
1147 1243 1258 1269 nostra
1284 1238 1409 1269 terrula

1000 1287 1069 1318 Vox
1097 1287 1233 1318 turturis
1261 1287 1384 1318 audita.

917 1404 924 1411 .
953 1379 1080 1418 Sponsa
1106 1382 1140 1409 tu
1166 1377 1327 1418 praebens
1354 1378 1475 1416 oscula,

953 1427 1002 1459 Tu
1030 1428 1161 1458 deitatis
1189 1427 1314 1458 cartula

1004 1475 1117 1516 Sigillo
1144 1475 1351 1512 communita,

954 1525 1070 1556 Amica
1096 1523 1174 1555 fidei
1200 1524 1311 1564 tutrix,

955 1574 1166 1605 Peccatorum
1194 1582 1227 1603 es
1254 1572 1399 1604 adiutrix

1001 1622 1045 1653 Et
1071 1622 1158 1653 salus
1184 1622 1217 1653 in
1245 1621 1411 1661 periculis,

910 1735 917 1742 .
949 1709 1081 1749 Regalis
1107 1718 1140 1740 es
1167 1709 1260 1750 virga
1287 1710 1385 1747 Iesse,

951 1757 1171 1789 Laborantum
1199 1756 1268 1790 falx
1295 1758 1328 1789 in
1353 1766 1458 1790 messe

1001 1807 1120 1838 Mortis
1146 1807 1179 1838 in
1205 1807 1354 1839 articulo.

917 1925 924 1932 .
952 1901 1129 1932 Armatura
1154 1903 1190 1931 tu
1217 1899 1360 1940 fortium,

952 1948 1131 1980 Insultibus
1159 1949 1340 1981 cohortium

1003 1997 1170 2030 Resistens
1196 1998 1322 2037 alienis,

952 2046 1070 2078 Vatum
1098 2050 1133 2078 tu
1159 2055 1193 2078 es
1219 2047 1397 2087 oraculum,

952 2095 1002 2127 Tu
1028 2094 1105 2127 fidei
1132 2095 1344 2137 signaculum,

1000 2144 1069 2184 Quo
1095 2143 1183 2176 Deus
1210 2144 1431 2186 subarrhavit,

909 2254 918 2262 .
952 2231 1020 2263 Nos
1042 2232 1148 2273 gratia
1175 2230 1324 2264 rorifluos

954 2281 997 2313 Et
1024 2279 1163 2313 famulos
1190 2290 1264 2322 rege
1290 2286 1374 2323 tuos,

1001 2330 1201 2370 Virguncula
1227 2330 1345 2366 Maria.

255 2419 342 2446 Cant.
373 2429 429 2447 ms.
458 2419 610 2455 Pragense
637 2418 821 2448 (Weneeslai
851 2417 888 2445 de
917 2416 1098 2453 Wyskytna)
1128 2419 1201 2445 anni
1234 2417 1317 2446 1512.
1347 2419 1423 2448 Cod.
1446 2421 1525 2449 Mus.

179 2459 300 2491 Bohem.
324 2459 398 2487 XIII
421 2460 444 2486 A
468 2457 486 2486 2
518 2473 555 2477 —
578 2456 611 2491 1,
633 2458 651 2485 8
671 2457 759 2485 Illam
781 2465 879 2494 quam.
902 2471 938 2476 —
959 2455 986 2490 2,
1008 2455 1026 2484 5
1048 2458 1171 2493 portica.
1192 2472 1231 2477 —
1251 2455 1278 2491 3,
1301 2457 1319 2487 9
1341 2459 1406 2494 Que
1429 2469 1526 2490 sermo

180 2500 228 2526 sit.
251 2513 288 2517 ——
311 2497 337 2533 7,
359 2497 377 2527 8
399 2498 626 2527 Laborantium.
647 2511 686 2516 —
707 2494 734 2531 8,
755 2495 774 2525 4
795 2506 826 2526 es
847 2496 929 2524 fehlt.
