1650 2727
156 267 189 302 2.
219 267 372 300 Pastores
399 266 648 308 obstupuerunt,

214 315 299 348 Dum
326 316 512 348 Amandum
542 317 737 349 invenerunt

214 365 305 397 Inter
330 373 429 405 rupes
455 364 605 397 habitare

212 413 252 446 In
279 422 388 446 eremo
414 414 484 445 sine
510 413 591 446 lare.

178 536 186 544 .
213 511 361 544 Praesuli
388 510 615 543 Lemovicensi

215 560 348 593 Roricio
375 560 568 602 retulerunt,

214 609 362 650 Qualiter
395 614 543 641 sanctum
575 610 760 642 Amandum

216 658 252 690 In
281 667 388 690 eremo
415 658 619 692 invenerunt.

332 784 544 820 Responsoria.

178 888 186 897 .
215 863 333 903 Locus,
363 863 415 896 ubi
444 870 666 903 conversatur,

215 912 495 945 Commodoliacus
519 918 665 955 vocatur,

212 963 304 995 Inter
330 971 427 1002 rupes
452 963 577 1003 positus

214 1011 309 1043 quta
340 1011 504 1052 Vigennae
531 1012 618 1044 litus.

179 1135 187 1143 .
217 1108 367 1140 Roricius
394 1109 509 1141 cellam
537 1109 582 1141 ibi

211 1157 385 1198 Praecepit
410 1157 590 1197 aedificari,

212 1206 249 1238 In
277 1216 337 1247 qua
369 1206 481 1239 beatus
509 1207 678 1240 Amandus

211 1255 327 1287 Posset
355 1256 457 1288 Deum
485 1266 635 1288 venerari

210 1304 254 1336 Et
281 1305 391 1337 vivere
419 1305 517 1337 corde
544 1305 663 1338 mundo

213 1353 408 1394 segregatus
434 1354 475 1386 ab
503 1355 563 1386 hoc
590 1355 722 1388 mundo.

171 1478 178 1484 .
207 1451 268 1483 Vir
294 1452 465 1484 Amandus
493 1453 628 1484 eremita

206 1500 408 1533 Tentabatur
434 1501 466 1533 in
494 1502 554 1533 hac
582 1502 658 1543 vita,

206 1549 250 1582 Ut
276 1549 382 1582 Deum
409 1555 578 1591 respueret

204 1599 248 1631 Et
274 1599 364 1631 idola
391 1599 524 1634 coleret.

215 1755 274 1788 Ad
303 1757 335 1788 2.
364 1755 641 1790 Nocturnum.

325 1823 528 1861 Antiphonae.

164 1928 172 1937 .
201 1903 281 1936 Cum
310 1905 480 1937 Amandus
508 1905 687 1948 invocaret,

202 1952 246 1986 Ut
275 1953 463 1986 daemonem
493 1956 686 1996 captivaret,

199 2003 307 2035 Iesum
317 2003 491 2047 Christum,
502 2014 596 2044 quem
603 2006 776 2050 quaesivit,

199 2052 311 2093 Ipsum
338 2053 448 2085 statim
476 2055 657 2088 exaudivit.

163 2167 171 2174 .
199 2140 310 2174 Cellae
336 2146 465 2182 portam
492 2144 699 2184 propulsavit

196 2191 352 2224 Iunianus
380 2196 411 2223 et
439 2192 610 2226 clamavit:

197 2240 347 2282 Percipe‚
373 2246 487 2274 sancte
512 2242 674 2283 Amande‚

198 2289 307 2322 Verba
333 2299 406 2323 mea
432 2295 464 2323 et
491 2292 636 2325 intende.

161 2404 171 2414 .
197 2379 269 2421 Ego
291 2388 391 2412 vocor
412 2381 580 2421 Iunianus⁷

195 2428 300 2462 Verus
325 2429 389 2462 Dei
416 2430 626 2472 christianus,

194 2478 256 2519 Qui
282 2479 416 2512 destruo
443 2485 659 2521 pugnatorem

193 2528 367 2562 Inimicum
394 2533 427 2561 et
451 2529 604 2562 ultorem.

151 2588 174 2612 D
185 2595 303 2618 toves,
321 2589 467 2612 Historiae
485 2589 681 2619 Rhythmicae.
714 2589 792 2614 VIII.

1041 266 1256 302 Responsoria.

866 345 896 378 1.
925 344 1069 384 Cumque
1094 349 1240 377 sanctum
1271 346 1442 378 Iunianum

924 393 984 424 Vir
1008 393 1179 425 Amandus
1206 394 1387 434 recepisset

924 442 963 474 Et
992 442 1098 482 ipsum
1125 442 1158 474 in
1186 442 1250 474 fide
1278 447 1389 476 nostra

923 491 1079 524 Firmiter
1105 492 1300 533 edocuisset,

922 540 1068 571 Tandem
1095 540 1245 580 spiritum
1273 541 1444 572 Amandus

921 589 1135 629 Redemptori
1163 590 1320 624 reddidit,

923 637 1021 670 Cuius
1049 647 1167 678 corpus
1194 639 1384 679 sepulturae

920 687 1076 719 Iunianus
1102 687 1251 722 tradidit,

860 766 891 799 2.
920 765 1026 808 Hugo,
1055 766 1156 797 abbas
1184 766 1342 808 Cluniaci,

921 815 1218 847 Commodoliacum
1247 822 1361 855 petens

919 864 962 896 Et
989 863 1034 895 ibi
1061 864 1166 896 sancti
1193 864 1335 896 Amandi

916 913 1024 946 Vitam
1054 912 1182 946 beatam
1209 914 1345 945 audiens

920 962 1035 994 Statim
1064 972 1135 994 esse
1163 963 1415 995 construendam

919 1011 1093 1043 Basilicam
1122 1012 1294 1052 disposuit,

919 1060 982 1093 Ubi
1012 1061 1124 1092 beatus
1152 1062 1321 1092 Amandus

920 1110 1015 1142 Suam
1046 1110 1196 1141 cellulam
1225 1110 1348 1144 habuit.

857 1189 888 1222 3.
917 1189 1090 1220 Canonicis
1118 1189 1316 1228 supradictis

917 1237 1084 1270 Recedens
1112 1237 1206 1277 Hugo
1234 1238 1399 1279 praedixit

918 1286 952 1317 ln
983 1286 1065 1318 cella
1094 1287 1197 1318 sancti
1222 1287 1375 1329 Amandi,

917 1336 953 1367 In
981 1345 1043 1375 qua
1070 1335 1140 1375 ipse
1170 1335 1225 1367 diu
1253 1336 1344 1371 vixit.

915 1384 997 1416 Esse
1025 1384 1115 1416 brevi
1144 1385 1313 1416 ecclesiam

915 1434 952 1465 In
981 1434 1125 1465 eiusdem
1154 1435 1352 1467 memoriani.

921 1562 983 1593 Ad
1012 1563 1044 1595 3.
1074 1561 1351 1596 Nocturnum.

1035 1629 1236 1665 Antiphonae.

853 1709 884 1744 1.
913 1709 992 1742 Cum
1019 1709 1061 1741 ad
1089 1709 1387 1742 Commodoliacum

914 1758 1086 1791 Praefatus
1114 1758 1216 1790 abbas
1244 1759 1369 1790 revenit

913 1807 983 1840 Nec
1009 1808 1132 1848 aliquid
1161 1808 1201 1839 (le
1227 1808 1355 1848 capella

913 1857 995 1889 Esse
1023 1856 1143 1889 factum
1171 1857 1351 1899 adinvenit,

849 1939 884 1971 2.
912 1937 1003 1969 Tunc
1032 1937 1206 1968 canonicus
1231 1936 1458 1977 Ramnulphus

909 1986 1060 2019 Promisit
1087 1987 1229 2018 Amandi
1259 1996 1376 2028 corpus

909 2037 945 2068 In
974 2036 1042 2067 eius
1072 2036 1155 2067 cella
1181 2044 1339 2076 quaerere

907 2085 949 2118 Et
979 2086 1138 2126 capellam
1167 2091 1367 2118 construere.

847 2166 878 2198 3.
907 2166 1092 2205 Antequam
1126 2174 1244 2204 coi-pus
1271 2168 1454 2204 quaereret.

905 2214 1065 2246 Triduum
1093 2213 1145 2245 hic
1173 2214 1327 2245 ieiunavit

905 2263 947 2295 Et
975 2263 1008 2295 in
1035 2263 1139 2295 sancti
1168 2263 1294 2294 Iuniani

903 2312 1013 2344 Altari
1040 2312 1171 2344 missam
1200 2312 1353 2344 cantavit.

1022 2410 1236 2446 Responsoria.

846 2482 878 2515 1.
906 2483 1024 2516 Petrus
1052 2482 1162 2519 levita,
1191 2479 1358 2522 physicus,

906 2531 1106 2572 Ramnulphi
1133 2529 1383 2569 concanonicus,

1260 2586 1278 2616 3
