1650 2727
705 134 944 169 —75-

495 230 632 272 Hyaena
658 232 689 263 in
717 232 864 272 margine
889 232 988 264 catini

495 279 672 312 Transiens
698 281 732 312 in
759 281 875 313 ordine
902 281 1024 322 Latini,

542 328 637 360 Velut
664 332 761 361 antea
790 340 810 359 -x-
835 337 929 361 nemo
955 329 1020 362 iam
1051 329 1186 363 divinat.

432 426 464 460 3.
492 425 617 458 Doctus
644 435 707 458 non
732 426 866 458 auditur
891 426 950 458 sed
978 436 1120 464 susurro,

492 474 536 507 Et
563 473 670 507 fidelis
696 475 888 506 aestimatur
914 483 1040 512 scurro,

490 523 523 555 Si
551 523 594 555 ad
621 532 713 555 axem
741 523 822 555 caeli
851 532 946 556 curro

490 571 533 604 Et
559 571 600 604 ad
629 576 775 604 centrum
802 572 916 604 aridae
944 581 1088 613 recurro,

538 621 610 653 Non
636 621 768 653 invenio
796 633 817 651 ἥ
843 622 991 654 caritatis
1016 621 1126 657 fidem.

489 718 590 751 Fides
616 720 657 751 ab
684 719 757 751 aula
783 719 921 751 retrahit
948 719 1064 760 pedem

488 767 530 800 Et
558 769 703 808 ineptam
730 772 824 809 aptat
850 768 912 800 sibi
938 769 1060 809 sedem,

488 818 700 850 Rusticanam
732 821 848 857 petens
875 817 988 850 aedem

487 866 612 899 Malum
639 868 771 899 ordinat
798 870 830 898 et
857 868 971 899 mortis
999 867 1145 908 caedem,

535 916 637 948 Fides
664 925 762 948 aurea
792 928 812 945 ÷÷
839 925 902 948 non
930 921 977 948 est
1006 917 1068 948 iam
1095 922 1128 948 ut
1157 918 1294 958 pridem.

488 1015 630 1046 Lazarus
658 1015 831 1055 repellitur
856 1024 874 1047 a
902 1024 1012 1047 mensa

487 1063 661 1096 Servorum
690 1063 801 1096 divitis
828 1073 898 1096 cum
926 1063 1056 1102 offensa„

536 1112 635 1145 Cuius
660 1112 788 1153 indiget
817 1125 837 1143 -κ
863 1122 925 1153 ope
953 1113 1045 1146 dives
1070 1114 1169 1148 iclem.

428 1214 459 1244 4.
489 1211 684 1243 Tortuosum
712 1210 796 1243 labis
824 1211 920 1243 modo
947 1212 1043 1244 tuber

486 1260 681 1293 Aemulatur
707 1269 805 1292 canus
832 1265 930 1300 atque
956 1260 1070 1304 puber,

484 1311 645 1343 Innocens
672 1309 840 1350 sanguinis
864 1309 946 1342 uber

487 1360 558 1391 Non
587 1364 729 1401 curatur,
758 1364 1045 1400 quantumcunque
1072 1359 1181 1401 ruber,

535 1408 641 1441 Chaos
669 1408 835 1441 horridum
868 1420 887 1437 ÷÷
914 1408 1125 1441 subarrhavit
1148 1403 1233 1441 iura.

483 1509 639 1539 Austrum
668 1505 760 1548 fugat
788 1506 876 1547 rigor
901 1508 1088 1549 Aquilonis,

484 1556 679 1589 Dominatur
705 1555 819 1588 feritas
847 1555 998 1597 Neronis,

486 1606 600 1639 Clerus
627 1606 668 1638 ad
694 1605 798 1638 instar
823 1605 927 1638 leonis

484 1655 580 1696 Rugit
605 1655 726 1696 gemitu
753 1653 965 1694 confusionis,

533 1705 624 1743 Quod
653 1704 815 1746 premitur
844 1717 864 1735 ἦε
891 1706 1015 1737 enormi
1042 1714 1209 1746 pressura.

483 1803 597 1837 Ululat
626 1803 783 1836 ecclesiae
808 1803 957 1840 libertas,

485 1854 576 1893 Quod
606 1852 838 1893 promissiones
865 1854 983 1895 perdat
1009 1858 1111 1892 aetaS,

533 1902 626 1944 Quod
654 1903 823 1935 constituit
852 1915 872 1933 κ
899 1904 1028 1935 Pharao
1055 1912 1203 1936 censura.

427 2006 458 2037 5.
487 2004 592 2042 Caput
621 2002 746 2046 mundi,
773 2002 859 2043 proh
886 2001 991 2045 dolor,
1019 2006 1179 2044 aegrotat,

486 2052 574 2091 Ergo
599 2051 745 2084 membra
772 2051 941 2084 doloribus
968 2056 1065 2091 rotat,

485 2103 630 2142 Sponsus
660 2110 812 2141 sponsam
840 2101 924 2133 male
953 2101 1055 2137 dotat,

486 2151 636 2184 Prudens
662 2151 767 2184 lector
792 2150 875 2182 illud
904 2151 986 2184 bene
1014 2154 1115 2194 notat,

535 2200 628 2240 Quod
656 2204 891 2241 praeposterus
921 2212 941 2231 ᾗ
967 2200 1048 2233 ordo
1076 2210 1141 2233 non
1167 2206 1326 2233 servatur.

485 2300 590 2333 Roma
615 2298 704 2332 misit
730 2298 874 2340 Ungaris
902 2298 1076 2340 Gentilem,

485 2350 550 2382 Per
576 2357 672 2390 quem
698 2346 779 2380 feeit
804 2347 927 2380 elerum
955 2347 1010 2380 hie
1035 2348 1200 2391 servilem,

484 2399 639 2432 Iuvenem
666 2400 765 2438 atque
790 2397 939 2439 senilem,

486 2447 600 2488 Neque
626 2455 687 2488 per
712 2455 833 2480 annum
859 2446 946 2480 hunc
972 2446 1175 2479 bissextilem

532 2497 658 2531 Mentis
685 2495 824 2528 exstasis
854 2507 875 2526 κ
901 2496 966 2529 iam
991 2500 1204 2538 apocopatur.
