1650 2727
752 126 1015 162 -165—

572 226 603 258 3.
633 224 844 259 scholaribus
871 234 988 259 revera

633 274 775 308 Pecunia
798 275 832 308 in
857 284 950 316 pera,

683 324 861 365 Quinterna
886 323 1048 361 manibus,

632 373 677 405 Et
703 373 820 413 capitis
846 374 879 405 in
906 374 1047 414 sphaera

632 421 735 455 Mitra
761 421 865 464 fulget
888 422 1016 455 sincera

681 471 792 503 Modis
818 472 851 504 in
878 470 1036 505 omnibus.

633 519 697 552 Vix
724 520 832 552 sciunt
858 519 899 559 G,
926 524 973 561 ut7
1000 521 1041 558 A,
1069 528 1105 552 re

635 567 704 600 Nec
730 568 835 602 Musa
863 569 1029 601 declinare

682 617 752 650 Nec
778 621 893 650 curant
920 618 1076 655 studium,

635 665 699 698 Sed
729 666 861 699 discunt
887 667 1067 705 chorizare,

635 715 800 756 Incipiunt
827 725 939 748 amare

684 765 802 798 Mundi
828 764 1021 806 tripudium.

285 840 359 868 Piae
383 842 546 869 t'antiones
572 840 647 870 1582
672 843 722 870 fol.
744 843 769 870 L
790 841 808 870 6
830 843 849 871 b
872 851 936 879 sqq.
956 843 1141 878 (chmming
1163 844 1213 873 lv,
1236 844 1294 874 651.)

644 948 708 980 201.
752 949 794 979 De
816 947 893 980 Vita
914 948 1124 980 Scholariunt.

221 1019 253 1054 1.
281 1019 307 1052 O
335 1020 515 1062 scholares,v
546 1021 675 1062 discite,
993 1025 1134 1060 Quorum
1163 1021 1373 1053 mercimonia

279 1069 425 1101 Auribus
454 1070 628 1110 percipite,

330 1118 440 1151 Oculis
469 1120 589 1157 videte,

282 1167 382 1206 Quam
413 1167 541 1201 beatam
571 1168 690 1200 ducitis

283 1215 402 1256 Vitam,
431 1227 525 1257 quam
555 1217 692 1259 diligitis

331 1265 481 1298 Studium
510 1267 640 1306 quietis.

280 1314 381 1348 Mane
407 1317 536 1348 scholas
566 1317 680 1358 petite,

283 1363 428 1404 Vespere
456 1366 600 1397 recedite

332 1413 472 1446 Domum
502 1419 706 1454 repetentes;

289 1462 367 1503 Quis
394 1468 499 1496 status
526 1462 665 1502 felicior,

282 1512 371 1552 Quae
400 1513 466 1545 vita
493 1513 639 1545 securior

329 1562 422 1594 Inter
449 1571 535 1594 nunc
563 1563 720 1595 viventes

242 1655 250 1664 .
278 1630 397 1672 Reges,
428 1631 537 1670 duces,
567 1631 712 1667 comites,

279 1680 454 1721 Principes
481 1685 515 1712 et
541 1681 662 1713 milites

328 1729 504 1770 Nunquam
531 1735 606 1761 sunt
634 1731 753 1772 securi,

281 1779 305 1810 V
309 1779 404 1811 ivuut
430 1780 517 1811 enim
545 1780 675 1814 misere.

277 1830 381 1861 Arma
409 1828 529 1861 debent
557 1838 671 1869 gerere

328 1878 465 1919 Semper
492 1878 677 1919 pugnaturi.

277 1928 502 1968 Appellantur
524 1927 660 1969 domini,

277 1977 384 2011 Omini
411 1986 476 2009 non
504 1977 625 2009 bomini

325 2026 417 2059 Talis
444 2027 518 2059 laus
547 2026 705 2066 debetur3

274 2077 367 2109 Bona
393 2076 586 2109 transitoria

276 2126 360 2160 Sunt
385 2135 497 2159 eorum
525 2126 642 2166 gloria,

326 2175 430 2210 Sicuti
458 2175 601 2209 videtur.

242 2270 249 2279 .
276 2244 484 2278 Mercatores
510 2244 612 2285 avidi,

277 2293 394 2337 Nocte,
423 2294 478 2326 die
505 2293 612 2326 timidi

326 2342 480 2376 Flumina
506 2343 633 2376 marina

280 2393 422 2433 Propter
447 2392 573 2426 lucrum
600 2396 772 2425 transeunt

274 2442 321 2476 Et
347 2441 546 2484 quandoque
571 2445 712 2482 pereunt

326 2491 439 2524 Morte
466 2490 651 2533 repentina.

993 1070 1086 1102 Sorte
1114 1071 1258 1110 pendent
1285 1070 1383 1102 dubia

1042 1119 1172 1151 Pariter
1200 1123 1231 1151 ct
1259 1120 1334 1160 vita,

992 1168 1072 1200 Visu
1099 1168 1278 1201 miserabili

992 1218 1131 1250 Pereunt
1162 1218 1201 1249 de
1229 1216 1317 1249 facili

1041 1267 1105 1299 Diu
1132 1267 1302 1307 acquisita.

957 1363 963 1370 .
992 1335 1119 1368 Rustici
1147 1339 1222 1368 sunt
1248 1337 1341 1373 asini,

992 1385 1113 1424 Quibus
1142 1388 1250 1417 terrae
1281 1386 1403 1417 domini

1042 1434 1258 1466 Dominantur
1286 1436 1378 1474 mire,

992 1483 1158 1524 Quidquid
1187 1483 1317 1519 habent,
1347 1485 1489 1524 rapiunt.

991 1531 1025 1564 Si
1052 1542 1116 1564 non
1145 1533 1275 1571 habent,
1304 1532 1439 1574 adigunt

1040 1582 1206 1622 Pauperes
1231 1581 1335 1614 abire.

991 1630 1041 1662 De
1066 1632 1219 1664 thesauro
1247 1640 1391 1672 paupere

991 1680 1122 1722 Magnis
1149 1681 1255 1713 solent
1281 1681 1405 1713 addere

1040 1731 1193 1771 Magnam
1221 1731 1415 1769 portionem.

993 1778 1058 1812 Sed
1087 1789 1124 1811 eo
1152 1778 1305 1819 flebilius⁷

990 1829 1081 1868 Quod
1111 1829 1160 1860 his
1188 1829 1274 1861 Deus
1304 1830 1398 1861 citius

1038 1878 1151 1910 Mittat
1177 1878 1344 1912 ultionem.

931 1949 944 1963 ‘⁷
954 1973 961 1980 .
990 1947 1116 1989 Regula
1143 1947 1338 1980 scholarium

990 1997 1051 2029 Est
1079 1997 1244 2030 excellens
1272 1998 1413 2030 omnium

1040 2047 1134 2079 Vitae
1161 2047 1345 2082 sanctitate.

990 2095 1085 2128 Licet
1114 2096 1204 2129 nulla
1230 2096 1357 2130 similis,

990 2145 1114 2178 Tamen
1142 2150 1191 2177 est
1219 2145 1364 2178 difficilis

1040 2196 1078 2228 In
1107 2197 1296 2235 asperitate.

990 2243 1058 2276 Soli
1084 2245 1156 2277 Deo
1183 2246 1342 2282 serviunt,

991 2292 1123 2331 Sitiunt‚
1152 2294 1309 2332 esuriunt,

1040 2344 1182 2383 Quorum
1212 2346 1438 2384 paupertatem

991 2392 1158 2425 Enarrare
1186 2402 1320 2433 nequeo,

992 2441 1244 2482 Consequuntur
1270 2442 1344 2474 ideo

1042 2491 1165 2525 Christi
1192 2492 1359 2532 pietatem.
