1650 2727
719 137 988 172 -125—

213 235 248 268 2.
273 234 334 275 Qui
361 234 516 275 princeps
543 235 671 268 exstitit
695 235 757 268 soli
921 237 954 269 5.
982 236 1061 268 Post
1085 239 1122 267 ut
1147 245 1248 278 agnus
1275 237 1419 269 coriatur

324 282 430 316 Natus
455 283 523 315 alto
548 291 678 324 genere,
1029 284 1256 324 Tyrannorum
1283 286 1444 327 manibu5‚

275 332 390 364 Manet
423 331 532 365 adhuc
561 333 716 373 princeps
742 332 821 374 poli,
980 332 1017 364 In
1044 333 1144 365 caelis
1171 342 1244 364 mox
1271 334 1435 366 adunatur

324 380 444 413 'sectus
469 381 545 422 agni
571 381 703 413 vellere.
1032 381 1199 413 Duodenis
1225 382 1369 415 sedibus.

215 462 247 493 3.
277 459 362 492 Hinc
389 458 488 492 Indos
515 459 592 491 dum
611 459 824 492 convertebat
921 461 954 493 6.
982 458 1079 490 Hunc
1104 468 1181 499 ergo
1207 459 1269 491 iam
1298 460 1510 500 imploremus

326 507 432 540 Verbo
460 506 642 549 salutifero,
1032 509 1234 540 venerantes
1262 509 1368 551 hodie,

273 556 456 589 Daemones
491 559 568 588 tunc
600 555 822 589 confundebat
987 556 1032 589 Ut
1057 561 1131 597 post
1151 561 1285 589 mortem
1307 557 1529 590 collaudemus

321 605 426 638 Facto
452 605 548 638 nimis
576 614 703 646 aspero.
1031 605 1146 638 Secum
1174 614 1281 646 regem
1308 606 1442 646 gloriae.

215 687 248 718 4.
277 683 547 716 Bartholomaeus
575 683 690 716 beatus
899 682 955 716 R⁰
982 684 1091 722 Pater,
1121 689 1225 722 natm,
1251 694 1379 716 sacrum
1400 683 1527 726 flamen,

296 737 301 741 “
324 734 389 765 Sua
417 733 534 764 devota
561 741 659 772 prece
985 733 1047 764 Det
1075 733 1168 765 nobis
1196 733 1255 765 hoc
1283 733 1472 774 iubilamen‚

278 781 474 822 Populorum
502 782 662 814 incolatus
983 782 1029 815 Ut
1056 787 1291 823 consequentes
1317 779 1498 827 [juvamen]

326 830 493 864 Liberavit
518 841 537 863 a
564 840 653 865 nece.
983 830 1202 864 Dec-autemus
1229 840 1340 864 omnes
1367 834 1483 864 Amen.

253 908 338 936 Cant.
371 918 425 936 ms.
458 909 610 945 Pragense
637 909 823 942 (Wenceslai
853 909 890 937 de
917 909 1100 945 Wyskytna)
1131 909 1202 936 anui
1238 906 1322 936 1512.
1353 909 1423 936 cod.
1452 909 1530 936 Mus.

176 948 299 976 Bohem.
323 948 398 976 XIII
420 949 443 976 Α
467 946 493 975 2.
517 963 553 967 —
575 946 632 982 ΒΟ,
654 946 672 976 2
692 949 735 977 Te
756 950 911 978 bonorum.
934 964 971 967 —
993 947 1019 980 5,
1044 947 1056 976 1
1081 950 1236 976 scm-intur.

619 1083 679 1114 156.
722 1083 764 1114 De
786 1084 899 1115 sancta
919 1082 1090 1114 Dorothea.

215 1176 246 1209 1.
279 1173 445 1209 Dorothea
471 1180 625 1207 coronata
888 1177 919 1208 5.
947 1175 1097 1208 Pretiosa
1124 1179 1249 1215 martyr
1276 1175 1411 1212 Christi,

322 1225 464 1257 Aureola
491 1228 523 1256 et
551 1233 662 1266 aurea,
995 1224 1045 1256 De
1073 1225 1186 1266 sponsi
1214 1224 1372 1256 viridario

274 1273 356 1306 Dori
383 1274 543 1306 senatoris
570 1278 657 1314 nata,
946 1274 1058 1314 Poma,
1086 1284 1177 1306 rosas
1205 1273 1356 1305 direxisti

325 1323 408 1355 Bina
435 1323 562 1364 pollens
591 1323 713 1359 laurea,
995 1322 1176 1364 Theophilo
1204 1324 1341 1356 notario

215 1403 246 1436 2.
276 1401 426 1436 Oriunda
453 1411 492 1434 ex
519 1401 686 1443 profunda
887 1403 919 1436 6.
948 1399 1088 1436 Hortum
1117 1403 1199 1433 rosis
1228 1401 1409 1433 dulcorosis

326 1451 519 1484 Senatorum
546 1452 714 1493 prosapia,
997 1451 1047 1483 Tu
1075 1451 1206 1492 plenum
1235 1460 1306 1482 cum
1334 1450 1517 1492 Theophilo

273 1500 372 1533 Cuius
402 1501 500 1533 aedes
527 1506 625 1542 atque
655 1502 750 1534 sedes
949 1501 1113 1533 Meruisti.
1143 1499 1204 1539 fac,
1233 1504 1267 1531 ut
1295 1500 1348 1532 isti

324 1550 400 1582 Fuit
425 1550 650 1591 Cappadocia,
998 1550 1174 1591 Iungamur
1201 1559 1273 1581 cum
1299 1549 1411 1582 iubilo.

210 1631 244 1663 3.
272 1625 355 1670 Regi
382 1630 451 1671 poli
477 1632 576 1671 atque
602 1630 663 1662 soli
883 1630 914 1662 7.
945 1626 1043 1671 Ergo,
1060 1629 1215 1670 nympha,
1226 1638 1296 1667 nos,
1309 1638 1387 1668 quos
1398 1628 1533 1669 lympha

324 1679 463 1712 Exstitit
490 1679 530 1711 ab
557 1678 652 1712 initio
999 1678 1166 1711 Abluebat
1192 1679 1412 1719 baptismatis,

274 1727 492 1770 Desponsata,
519 1738 580 1770 pro
607 1739 671 1769 qua
697 1728 776 1762 data
945 1727 1014 1760 Fac
1041 1729 1174 1768 sentire,
1202 1737 1265 1760 non
1293 1728 1386 1760 odire

323 1777 406 1810 Diro
433 1784 481 1810 est
508 1777 681 1819 supplicio.
996 1777 1171 1810 Hortulum
1199 1778 1365 1810 aromatis.

212 1858 245 1889 4.
278 1856 448 1889 eastitatis
474 1857 634 1890 rationem
889 1857 921 1891 8.
950 1854 1005 1891 Ad
1018 1865 1111 1897 quem
1124 1866 1249 1889 sursum
1260 1855 1393 1896 facpost
1404 1865 1532 1888 cursum

325 1908 405 1940 Fers
419 1906 557 1948 primam
576 1916 647 1939 cum
661 1905 854 1949 virginibus,
998 1906 1096 1939 Orbis
1124 1910 1222 1947 atque
1249 1906 1396 1938 exsilium

272 1955 399 1997 Capitis
427 1958 667 1989 truncationem
947 1956 1016 1989 Nos
1043 1959 1182 1995 creatos,
1211 1956 1359 1996 expiatos

321 2005 469 2038 Alteram
507 2015 578 2039 cum
611 2005 822 2048 martyribus
996 2005 1061 2038 Per
1087 2004 1215 2038 Mariae
1241 2004 1354 2038 filium.

252 2083 339 2112 Cant.
372 2094 425 2112 ms.
456 2084 608 2121 pragense
635 2084 823 2119 (VVenceslai
855 2084 891 2113 de
921 2083 1106 2120 Wyskytna]
1136 2085 1209 2111 anni
1240 2082 1323 2111 1512.
1353 2083 1425 2111 Cod.
1454 2083 1532 2111 Mus.

174 2123 295 2152 Bohem.
319 2125 395 2153 xm
418 2126 442 2152 A
473 2123 498 2152 2.
521 2127 556 2153 A.
578 2139 614 2143 —
639 2125 818 2161 Bozenplut,
840 2121 1030 2159 Kancyoniil,
1060 2121 1148 2155 1601,
1180 2133 1207 2159 p.
1229 2121 1295 2151 510.
1320 2123 1351 2149 12.
1376 2138 1411 2141 ⁷—
1433 2122 1458 2149 A
1482 2122 1535 2150 hat

172 2172 230 2191 nur
251 2163 299 2191 die
321 2164 471 2201 Strophen
497 2163 522 2197 1,
544 2164 561 2192 5
584 2164 644 2192 und
665 2163 693 2197 4,
715 2163 834 2192 worauf
852 2163 929 2191 noch
950 2163 1089 2198 folgende
1111 2165 1201 2191 zwei:

252 2213 325 2248 VOS,
348 2213 501 2242 scholares
523 2218 553 2242 et
573 2214 737 2246 studentes.
964 2214 1029 2241 Hos
1052 2222 1120 2240 narn
1148 2215 1241 2246 iuvat,
1263 2222 1341 2248 quat·
1361 2212 1512 2239 honorant

292 2253 392 2282 Huius
415 2256 564 2282 amatores
585 2253 745 2291 nymphae,
1003 2253 1102 2288 Ipsius
1125 2253 1307 2282 natalitium,

294 2293 508 2322 Doctrinarum
531 2297 634 2322 nectar
656 2293 796 2330 lymphae
963 2293 1005 2322 Ut
1027 2293 1057 2319 in
1079 2293 1203 2320 chorum
1226 2292 1386 2319 beatorum·

255 2332 330 2360 Sitis
351 2332 390 2361 ab
411 2333 469 2362 hae
489 2335 635 2370 petentes,
1003 2332 1121 2360 Intrent
1142 2335 1211 2368 post
1231 2332 1381 2359 exsilium.

173 2381 233 2410 Die
268 2380 418 2419 Strophen
451 2382 471 2411 4
505 2383 564 2411 und
599 2381 617 2410 5
652 2384 806 2411 zerstfiren
841 2382 894 2410 das
928 2381 1133 2410 Akrostichon
1169 2378 1407 2417 Dor[ot]hea.
1460 2380 1533 2408 Vier

176 2420 327 2458 Strophen
348 2421 446 2451 dieses
468 2419 579 2451 Liedes
601 2423 656 2450 mit
676 2421 744 2450 dem
764 2420 903 2460 Anfange
920 2421 1141 2450 Kathariua
1162 2425 1348 2449 coronata
1371 2420 1452 2454 (sici)
1472 2420 1533 2448 und

175 2461 246 2489 sehr
275 2461 456 2491 schlechoem
478 2462 557 2490 Text
585 2462 692 2490 stehen
717 2461 795 2489 auch
821 2462 853 2489 in
880 2461 934 2489 der
960 2461 1080 2489 Trierer
1108 2460 1307 2489 Handschrift
1334 2458 1406 2493 322,
1433 2460 1531 2488 einem

174 2500 391 2530 Sammelband
411 2510 467 2531 aus
487 2500 794 2531 Eberhardsklausen
812 2499 871 2535 (15.
895 2500 1024 2535 Jahrh.).
