1650 2727
198 1722 216 1753 f&

198 1966 230 1997 ,ΕΟ

705 167 972 202 -106-

270 263 387 298 Gratia
413 266 562 298 caelestis

315 313 405 346 cuius
424 324 517 347 sacra
536 315 636 347 corda
654 314 808 355 replerat.

266 412 355 444 Crux
380 412 443 444 sibi
471 413 620 451 deliciae,

312 459 416 493 fuerat
445 470 523 493 crux
553 461 656 500 gloria
674 470 808 501 summa,

266 508 342 541 Post
370 515 505 542 mortem
534 511 601 542 vita

313 557 476 590 frueretur
485 563 521 590 ut
531 567 625 590 omne
638 567 696 598 per
706 567 834 590 aevum·

381 665 592 700 Respunsoria.

271 736 295 763 t)
325 733 375 772 pie
403 732 579 775 confessor,

313 782 407 815 rotis,
436 781 607 819 Guilelme,
637 781 744 813 faveto

262 832 370 869 Atque
398 831 459 861 tuis
488 830 643 870 precibus

311 877 402 910 nobis
430 878 570 910 concede
597 887 757 918 mmmen,

263 926 384 958 Iudicis
411 932 445 958 ut
473 926 588 958 faciem

311 984 493 1006 mereamur
520 984 653 1006 cernere
680 974 768 1011 laeti,

226 1049 232 1055 .
262 1026 341 1054 ¹§uin
371 1025 442 1063 pius
470 1029 499 1054 ct
527 1024 630 1054 iustus

311 1073 415 1103 veniet
427 1072 504 1103 dare
517 1072 613 1112 digna
624 1071 814 1111 quibusque,

308 1217 674 1251 1112.N0ctu1·n0.

381 1294 581 1329 Antiphonae.

227 1407 233 1413 .
262 1382 348 1413 filia
376 1383 568 1422 dispensans

312 1432 399 1462 caeci
428 1430 563 1470 vestigia
592 1430 713 1470 patri53

262 1478 412 1510 Iustitiae
439 1479 537 1510 solem

311 1526 403 1558 flexis
431 1527 565 1567 genibus
593 1527 786 1567 rogitantem

264 1575 340 1607 Solo
367 1585 404 1607 ex
433 1577 533 1607 odore

313 1623 492 1655 Guilelmus
520 1623 601 1655 vidit
627 1623 753 1655 adesse.

226 1747 232 1753 .
261 1722 394 1760 Iamque
422 1721 551 1752 domum
578 1721 696 1760 repetit

307 1770 452 1801 tenebris
464 1771 667 1801 miserandus
678 1769 798 1809 opacis,

256 1816 434 1850 confestim
462 1819 568 1850 lumen

301 1866 461 1899 Gulielmo
487 1872 600 1899 orante
626 1867 761 1907 recepit.

259 1963 320 1995 Per
346 1964 419 2005 iuga
448 1965 567 1996 Luceni

305 2014 457 2054 gradiens
478 2013 644 2044 confessor
657 2019 689 2044 et
703 2022 799 2045 orans

255 2063 395 2101 Aspexit
421 2062 598 2103 Christum,

303 2110 391 2142 cuius
417 2109 577 2151 flagrabat
603 2119 722 2142 amore.

224 2233 230 2239 .
259 2207 284 2240 Ο
310 2207 406 2240 nimis
433 2209 572 2251 excelsa,

305 2257 400 2289 nimis
418 2257 616 2289 admiranda
635 2259 797 2299 potestas!

252 2306 399 2345 Imperat
424 2306 480 2338 ille
510 2305 603 2344 feris,

302 2354 382 2387 fiunt
408 2359 587 2396 praecepta
614 2355 767 2388 iubentis.

219 2481 224 2486 .
252 2453 365 2493 Regna
391 2453 456 2494 poli
485 2453 618 2494 cupiens

303 2501 412 2535 multis
439 2502 668 2535 comitantibus
694 2503 755 2535 ire.

908 501 927 532 10

896 840 934 872 V.

970 265 1150 307 Exemplis,
1179 264 1288 296 verbis

1018 314 1173 346 virtutum
1201 313 1318 354 dogma
1345 312 1497 346 docebat.

1084 431 1296 466 Responsoria.

934 525 941 532 .
968 499 1098 532 Ardore
1124 499 1255 540 quidam
1282 499 1383 531 nimio

972 548 1081 580 Sancti
1109 548 1239 588 quidem
1266 547 1393 583 itineris

966 597 1048 628 Dum
1080 597 1166 629 sacri
1194 597 1255 628 viri
1282 597 1413 629 monitis

965 645 1037 676 Non
1066 646 1132 678 vult
1154 645 1313 686 praebere
1331 654 1512 683 assensum,

964 694 1059 727 Omni
1085 704 1177 727 mora
1205 694 1356 734 deposita

965 743 1043 774 Mox
1070 747 1206 783 accepta
1232 743 1365 775 licentia

1012 791 1080 822 Iter
1106 791 1306 832 aggreditur.

964 839 1043 871 Cum
1068 844 1174 872 autem
1202 840 1265 871 iter
1291 839 1426 881 faceret,

964 887 1025 918 Est
1049 887 1183 920 affectus
1210 887 1410 921 verberibus.

970 984 996 1016 O
1024 983 1185 1016 Gulielme
1210 989 1316 1024 pater,

1016 1031 1209 1064 famulorum
1236 1033 1365 1072 suscipe
1393 1038 1466 1065 vota

966 1080 1098 1120 Nosque
1124 1082 1188 1113 tuis
1215 1081 1366 1121 precibus

1015 1128 1131 1161 festum
1160 1130 1305 1162 sollenne
1331 1131 1477 1162 colentes

967 1178 1179 1211 (¹0mmendes
1205 1179 1325 1218 iugiter

1015 1226 1154 1259 Christo.
1183 1227 1232 1259 cui
1260 1232 1296 1259 tu
1321 1227 1486 1268 placuisti,

929 1301 935 1307 .
964 1275 1100 1308 Pectore
1128 1277 1245 1308 devoto

1013 1333 1071 1355 nos
1098 1329 1131 1356 ut
1159 1325 1283 1356 servire
1311 1333 1476 1364 queamus,

993 1471 1038 1502 In
1077 1472 1109 1504 3.
1147 1470 1386 1502 Nocturno.

1060 1546 1106 1573 Ad
1129 1545 1263 1573 Cantica.

961 1635 986 1666 Ο
1014 1635 1219 1667 sanctissime
1247 1634 1415 1668 confessor

1010 1682 1171 1715 Gulielme
1198 1684 1338 1721 Domini,

961 1731 1208 1772 Supplicantum
1235 1732 1430 1764 famulorum

1007 1782 1125 1813 exaudi
1151 1782 1350 1822 precamina,

961 1829 1040 1860 Tuis
1067 1839 1197 1871 semper
1223 1831 1290 1862 illis
1318 1834 1431 1862 sancta

1006 1877 1113 1911 tribue
1140 1879 1302 1921 suffragia,

957 1926 1001 1958 Ut
1030 1926 1203 1959 horrendis
1229 1937 1287 1959 nos
1315 1928 1420 1968 erepti

1006 1977 1119 2014 poenis
1147 1976 1186 2007 dc
1214 1977 1367 2008 tartareis

958 2023 1090 2062 Tecum,
1119 2029 1224 2065 pater,
1253 2026 1469 2058 collaetemur

1004 2072 1036 2103 in
1064 2074 1206 2106 aeternis
1233 2074 1398 2107 laudibus.

1075 2191 1287 2226 Responsoria.

922 2283 930 2290 .
960 2258 1123 2291 Virtutum
1150 2259 1288 2299 meritis,

1006 2306 1138 2340 Domini
1165 2308 1335 2342 confessor
1353 2310 1505 2351 amande,

958 2355 1012 2388 Sic
1039 2357 1156 2389 vestris
1182 2357 1336 2398 precibus

1006 2411 1133 2439 nostros
1159 2407 1293 2439 absolve
1321 2412 1442 2451 reatus,

917 2483 922 2487 .
950 2453 995 2487 Ut
1021 2454 1082 2487 tibi
1109 2456 1259 2497 coniungi

1004 2512 1186 2537 mereamur
1200 2505 1232 2538 iu
1243 2506 1325 2538 aede
1335 2506 1500 2547 polorum.
