1650 2727
716 181 760 187 —
814 161 980 199 154—

914 264 946 296 5.
973 261 1000 295 0
1027 259 1106 292 felix
1132 259 1254 293 ancilla
1281 258 1354 298 Dei,

1022 318 1081 342 nos
1106 309 1253 352 pondere
1277 315 1410 348 pressos

973 358 1127 391 Exonera
1153 362 1186 390 et
1213 356 1317 388 fessos

1021 406 1230 439 mordacibus
1257 414 1339 438 exue
1366 404 1483 446 culpis,

974 455 1128 488 Aetheris
1155 460 1187 487 et
1214 458 1325 495 pateat

1021 508 1055 536 te
1080 504 1228 546 supplice
1255 503 1354 536 ianua
1379 501 1486 534 nobis.

209 259 242 291 4.
269 258 356 290 Aula
383 267 487 299 capax
509 258 592 292 lucis

319 307 455 348 verique
482 307 596 340 domus
621 309 676 349 pia
703 309 792 352 solis,

271 355 360 396 Quae
387 356 571 389 medicante
597 366 693 389 manu

320 406 457 437 miseros
482 414 651 447 compassa
669 404 813 450 fovebas,

271 453 366 487 Nunc
391 454 531 495 petimus
558 454 678 487 nostris

318 511 452 534 occurre
479 511 538 544 per
555 504 662 535 omnia
681 504 813 537 morbis„

250 588 326 616 Acta
348 588 400 616 SS.
423 588 504 623 Sept.
527 589 584 618 VI,
610 586 672 615 101.
695 589 760 623 „Ex
781 589 955 625 apographo
977 588 1190 622 transmisso‚“
1220 588 1314 616 leider
1337 588 1421 616 nicht
1440 586 1516 616 voll-

172 627 293 663 stiindig
313 627 482 663 mitgeocilt.
503 642 541 647 -—
562 629 602 655 In
629 628 739 655 Laud.
761 627 787 656 A
807 626 835 661 3,
857 626 876 655 2
897 628 957 656 iam
979 632 1016 656 te.
1037 643 1075 647 -—
1096 629 1121 657 A
1142 629 1170 661 3,
1191 627 1210 656 4
1231 628 1287 655 illi.

522 770 564 802 61.
608 771 651 801 De
674 778 698 802 S.
721 770 906 803 Marcellino
927 771 1159 803 Ebredunensi.

414 860 520 887 Lectio
544 859 570 888 1.

269 930 294 962 Ο
322 930 417 962 beate
443 929 650 969 Marcelline,

317 979 457 1019 gloriose
484 977 645 1020 pontifex,

271 1027 331 1066 Qui
360 1026 448 1058 fuisti
477 1027 687 1066 praedicator

318 1079 348 1106 et
377 1075 442 1106 dux
470 1075 686 1110 innocentiae.

268 1124 470 1155 Intercessor
496 1124 540 1155 sis
567 1133 626 1164 pro
653 1123 746 1156 nobis

317 1173 359 1204 ad
388 1180 495 1212 regem
524 1173 728 1205 clementiae.

414 1269 517 1295 Lectio
542 1266 568 1294 ¹2.

270 1337 331 1376 Qui
359 1337 400 1368 ab
424 1336 538 1368 Africa
567 1337 682 1368 venisti

317 1390 348 1417 te
376 1385 514 1416 ducente
540 1385 679 1417 Domino

267 1433 463 1466 Parentibus
490 1433 681 1466 inconsultis

314 1488 345 1514 et
373 1482 496 1513 relictis
523 1482 682 1521 omnibus,

266 1530 357 1563 Citra
381 1539 469 1562 mare
497 1531 648 1563 remeasti

319 1589 431 1610 versus
459 1585 570 1618 partes
596 1580 751 1621 Alpium;

267 1627 423 1668 Impetra,
452 1632 486 1659 ut
515 1629 686 1660 deleantur

317 1677 432 1709 sordes
459 1682 602 1709 nostrum
632 1678 783 1711 omnium.

410 1773 515 1800 Lectio
538 1772 564 1800 3.

264 1842 503 1884 Benignissime
529 1842 708 1884 confessor,

314 1892 444 1924 domino
471 1892 702 1933 praedilectus,

263 1941 323 1980 Qui
350 1940 494 1980 serpenti
521 1950 681 1972 venenoso

313 1999 386 2021 eras
411 1998 474 2020 non
501 1989 683 2030 incognitus

262 2037 305 2070 Et
333 2038 477 2070 sodalem
505 2038 632 2078 elegisti

311 2087 438 2118 beatum
469 2086 684 2122 Vincentium,

263 2134 309 2168 Ut
335 2135 539 2176 opprimeres
566 2144 709 2167 errorem

311 2183 511 2225 perfidorum
539 2184 690 2222 omnium,

263 2233 391 2265 Praebe
418 2232 523 2274 nobis,
550 2237 582 2264 te
609 2242 771 2277 rogamus,

313 2284 431 2316 bonum
458 2282 687 2322 patrocinium.

406 2379 512 2406 Lectio
534 2377 561 2405 4.

261 2449 380 2482 Sancte
406 2453 501 2490 pater
526 2448 729 2493 Marcelline,

309 2498 429 2532 nobilis
460 2499 615 2540 progenie

971 862 1119 902 Fideque
1142 863 1285 895 nobilior

1021 920 1097 951 erga
1124 920 1232 952 regem
1257 911 1391 952 gloriae,

972 958 1036 990 Per
1063 959 1211 992 diversas
1237 960 1350 992 mundi
1375 963 1486 1000 partes

1023 1007 1162 1040 docuisti
1174 1006 1183 1014 ³
1189 1007 1357 1048 populum,

973 1055 1018 1089 Ut
1045 1065 1189 1089 errorem
1216 1056 1430 1097 relinquendo

1022 1111 1237 1144 sequerentur
1262 1105 1455 1147 Dominum3

973 1153 1090 1185 Funde
1117 1163 1244 1194 preces,
1272 1153 1498 1195 deprecamur,

1023 1211 1084 1242 pro
1110 1203 1204 1235 nobis
1230 1202 1271 1234 ad
1300 1203 1484 1236 Dominum.

1115 1329 1221 1356 Lectio
1244 1327 1271 1355 5.

969 1407 1180 1439 Sanctissime
1205 1408 1410 1451 Marcelline,

1019 1455 1173 1488 Pontifex
1200 1459 1340 1496 egregie,

968 1504 1157 1536 Illustrator
1179 1505 1337 1546 veritatis,

1016 1558 1201 1585 monstrans
1229 1554 1313 1586 viam
1340 1555 1465 1587 veniae.

969 1600 1085 1633 Custos
1112 1602 1219 1642 gregis
1246 1603 1320 1635 Iesu
1349 1603 1471 1635 Christi

1017 1647 1075 1693 [et]
1103 1652 1218 1682 doctor
1242 1652 1406 1693 assiduus,

969 1698 1094 1730 Nomen
1121 1709 1213 1731 suum
1241 1701 1454 1741 praedicasti,

1018 1747 1195 1780 electorum
1222 1749 1339 1792 socius,

965 1796 1016 1828 Sis
1043 1800 1169 1829 tuorum
1197 1797 1388 1831 devotorum

1014 1845 1147 1878 adiutor
1173 1851 1362 1888 perpetuus,

1111 1973 1215 2000 Lectio
1237 1971 1265 2000 6.

963 2061 1062 2093 Pater
1088 2066 1209 2101 sancte,
1238 2063 1444 2105 Marcelline,

1012 2109 1106 2142 nobis
1132 2112 1375 2151 suspirantibus

963 2158 1098 2190 Manum
1122 2164 1210 2192 tuam
1237 2161 1285 2192 sic
1312 2162 1453 2194 extende

1013 2216 1083 2238 eum
1111 2207 1189 2240 fletu
1214 2211 1438 2252 poscentibuS,

965 2255 1009 2289 Ut
1037 2262 1152 2289 exutos
1179 2267 1198 2289 a
1226 2261 1372 2298 peccatis

1012 2304 1045 2336 in
1072 2306 1153 2338 caeli
1181 2307 1306 2347 palatio

965 2353 1045 2385 Tuis
1071 2355 1225 2394 precibus
1253 2356 1374 2390 oblatis

1013 2403 1178 2436 caelorum
1206 2405 1367 2439 altissimo

965 2451 1140 2485 Valeamus
1168 2454 1321 2488 collocari

1014 2510 1086 2532 cum
1112 2507 1298 2537 sauctorum
1325 2506 1456 2547 gaudio.
