1650 2727
166 274 202 306 2.

163 1261 194 1291 50

156 1730 188 1762 92

685 174 928 210 -79-

229 273 358 306 Clamat
383 271 587 305 orationibus

280 321 418 354 Sanctus
445 329 508 352 non
535 324 644 352 mente
670 329 745 355 rea:

229 369 379 409 Domine,
406 368 470 409 piis
495 369 630 401 auribus

277 418 414 458 Percipo
441 417 541 450 verba
567 426 650 451 mea.

226 495 296 528 Deo
323 495 360 528 fit
386 495 603 536 acceptabile,

274 545 368 584 Quod
394 545 447 577 hie
473 543 552 576 fecit
582 545 615 576 in
644 553 772 585 guerra,

227 594 327 626 Cuius
353 602 470 626 nomen
498 593 648 626 mirabile

276 643 314 675 In
341 643 494 675 universa
522 647 622 675 terra.

342 730 554 766 Responsoria.

192 817 198 823 .
227 789 340 821 Mente
366 792 498 831 gestans
525 793 555 821 et
584 798 722 830 corpore

276 837 410 879 Signum
438 838 544 870 crucis
571 838 721 870 vivificae

324 887 445 920 Servus
471 887 596 919 aeterni
624 888 720 928 regis,

225 936 330 969 Cruce
356 937 462 979 signat
488 946 548 977 pro
574 940 733 979 tempore,

272 985 401 1018 Memor
435 986 548 1017 mortis
577 985 769 1027 dominicae,

323 1037 451 1075 Agmen
479 1034 641 1066 commissi
662 1035 769 1075 gregis

194 1109 201 1116 .
230 1083 388 1116 Gotorum
415 1087 527 1124 spreto
553 1083 681 1123 robore,

271 1133 357 1173 Quos
384 1132 511 1164 invadit
537 1132 707 1172 magnifice

322 1181 399 1213 Zelo
425 1190 599 1213 succensus
626 1181 716 1222 legis.

223 1259 365 1299 Agmina
391 1259 626 1292 Bearnensium

272 1308 393 1340 Beatus
421 1308 627 1341 Galeetorius

317 1357 528 1390 Sermonibus
554 1357 714 1395 movebat,

224 1405 346 1438 Contra
372 1406 485 1439 turbas
513 1406 703 1439 Gotensium

269 1455 368 1487 Velut
394 1456 630 1497 primipilon'us

315 1505 472 1537 Armatus
498 1505 729 1548 praecedebat,

183 1579 190 1585 .
220 1552 332 1593 Neque
369 1558 506 1586 mortem
534 1563 594 1586 nec
620 1555 764 1595 gladium

267 1602 337 1645 Vel,
367 1603 394 1635 si
420 1604 499 1644 quid
526 1608 575 1635 est
601 1603 763 1639 acerbiuS.

314 1652 380 1684 Pro
407 1652 537 1686 Christo
563 1653 739 1686 metuebat.

217 1729 279 1762 Dei
306 1729 579 1770 magnificentiam

218 1779 398 1811 Intendens
425 1784 457 1811 et
484 1780 655 1813 victoriam

267 1829 390 1862 Contra
416 1828 518 1862 Gotos
545 1830 721 1871 pugnabat,

218 1877 360 1910 Currens
386 1887 448 1919 per
473 1879 653 1919 patientam

219 1926 271 1959 Ad
297 1928 449 1968 martyrii
476 1928 614 1969 gloriam

265 1977 355 2010 Ictus
383 1977 496 2018 plagas
523 1978 699 2019 portabat3

178 2053 185 2059 .
215 2024 355 2058 Sanctus
380 2031 518 2069 propter
543 2028 699 2060 iustitiam

216 2074 318 2107 Liber
343 2077 460 2108 transit
486 2077 529 2109 ad
556 2078 709 2118 patriam,

264 2125 329 2158 Pro
355 2135 418 2166 qua
444 2125 556 2158 vivens
584 2127 744 2161 certabat.

238 2253 285 2286 In
323 2254 354 2288 3.
394 2253 633 2289 Nocturno.

333 2322 535 2358 Antiphonae.

178 2416 185 2424 .
213 2390 278 2424 Hic
309 2392 432 2426 Christi
459 2394 552 2426 miles
579 2398 706 2426 ceteros

261 2442 407 2475 Praeivit
432 2443 544 2476 hostes
571 2444 696 2484 vivens,

212 2490 324 2524 Morte
350 2493 471 2526 transit
497 2493 540 2526 ad
568 2502 705 2535 superos

260 2538 302 2574 In
329 2541 470 2576 Domino
495 2541 674 2575 confidens.

878 275 911 307 2.

865 1813 897 1845 92)

865 2444 896 2477 1.

942 273 1042 305 Verbi
1070 272 1173 305 divini
1200 272 1321 311 pabulo

988 321 1142 354 Subditos
1171 321 1352 361 recreabat,

936 371 974 402 ln
1002 370 1067 403 Dei
1094 369 1307 401 tabernaculo

984 419 1131 450 Devotus
1158 417 1339 451 habitabat.

935 491 1050 524 Multis
1077 495 1193 532 potens
1220 491 1396 522 miraculis.

984 541 1166 572 Providens
1195 539 1235 571 de
1263 540 1378 576 salute,

933 590 1014 622 luva
1041 599 1098 621 nos
1125 589 1157 620 in
1185 588 1342 629 periculis

983 638 1114 671 Domini
1142 637 1174 668 in
1202 638 1332 669 virtute.

1051 724 1263 761 Respnnwria.

899 807 906 814 .
934 780 1049 812 Carnis
1079 781 1177 811 vitani

981 833 1190 861 contemnens
1219 828 1361 868 penitus

932 879 1030 912 Caelo
1057 882 1189 910 sanctus

980 927 1177 967 praevidens
1205 927 1353 967 spiritus,

931 977 983 1008 Ad
1011 977 1143 1008 aethera

981 1031 1114 1057 vocatur
1141 1024 1275 1055 caelitus

932 1075 1142 1115 Repromissa

978 1123 1040 1155 sibi
1073 1122 1240 1155 divinitus.

931 1173 1035 1204 Intrat
1064 1173 1170 1204 aulam
1200 1171 1315 1202 summi
1345 1172 1428 1211 regis

930 1222 1047 1254 Pastor
1073 1221 1191 1262 gregis,
1221 1229 1340 1260 praeeo
1368 1221 1459 1261 legis,

893 1321 900 1327 .
929 1295 1050 1327 Beatus
1079 1294 1298 1331 Galectorius,

978 1343 1208 1376 Lascurrensis
1236 1343 1394 1374 ecclesiae

976 1393 1111 1425 Praesul
1146 1395 1177 1423 et
1219 1397 1312 1432 pater
1339 1393 1476 1432 patriae,

927 1443 985 1474 Vir
1013 1441 1195 1474 futurorum
1223 1442 1402 1481 praescius,

925 1492 1067 1524 Mortem
1095 1490 1179 1523 subit
1210 1490 1382 1522 iucundius

974 1543 1095 1572 Amore
1123 1548 1221 1573 verae
1247 1540 1381 1580 gloriae.

970 1590 1034 1621 Hic
1061 1599 1132 1621 cum
1160 1589 1256 1620 laude
1285 1589 1440 1620 victoriae

925 1639 1125 1680 Repertatus
1153 1638 1322 1670 decentius

923 1689 1094 1720 Adoratur
1122 1688 1271 1720 devotius

973 1738 1083 1770 Altari
1110 1736 1198 1769 sedis
1227 1737 1392 1777 propriae.

927 1812 990 1844 Per
1018 1812 1112 1844 huius
1140 1811 1244 1842 sancti
1274 1811 1390 1842 merita

974 1861 1131 1894 Sanitatis
1160 1859 1307 1891 remedia

1022 1910 1196 1942 Dominum
1224 1910 1355 1948 operari

925 1960 1047 1993 Sanata
1074 1959 1216 2000 probant
1243 1958 1352 1998 capita

974 2009 1148 2049 Plebis-,que
1175 2008 1372 2040 testimonia.

1022 2062 1113 2099 Quae
1140 2067 1202 2089 non
1232 2057 1323 2088 decet
1362 2057 1471 2090 celari.

884 2135 891 2142 .
920 2107 1016 2140 Salus
1043 2109 1090 2139 sic
1118 2107 1196 2139 milii
1224 2106 1347 2138 tradita

970 2157 1027 2189 Me
1054 2157 1193 2189 veritate
1221 2157 1355 2198 praevia

1022 2206 1125 2239 Docet
1153 2204 1334 2239 testificari.

993 2316 1038 2347 In
1076 2313 1312 2347 Laudibus,

1048 2380 1250 2418 Antiplwnae.

927 2443 1048 2475 Beatus
1075 2441 1306 2482 Gallectorius,

927 2492 1060 2525 Praesul
1091 2489 1322 2524 Lascurrensis
1350 2488 1433 2528 pius,

975 2542 1116 2574 Tantum
1144 2540 1311 2572 Christum
1340 2538 1472 2580 amavit,
