1650 2727
138 1219 183 1255 V.

136 2473 169 2506 1.

675 150 919 194 485...

219 254 395 288 serviebat
422 255 472 288 vir
497 254 613 288 beatus

266 303 298 336 in
326 303 444 336 timore
468 303 621 340 Domino,

218 352 284 384 Pro
304 361 367 394 qno
386 351 518 385 tandem
538 357 675 385 mortem
694 352 768 385 tulit

269 399 356 433 felici
382 401 551 442 martyrio.

218 499 444 531 Adversantes
471 498 549 530 vicit
575 499 684 531 hostes

269 547 502 580 circumdantis
529 547 643 588 populi

218 596 262 628 Et
289 597 442 630 contrivit
469 601 677 637 peccatorum

267 646 381 678 dentes
409 649 500 678 scuto
527 644 616 685 fidei,

219 693 432 727 Coronandus
459 694 545 727 inter
571 694 686 726 choros

265 748 396 777 senatus
423 744 578 779 aetherei,

334 861 547 896 Respnnsoria.

179 955 185 962 .
214 928 335 962 Gloria
361 930 496 970 lausque
522 930 593 962 Deo

261 988 321 1018 pei·
335 979 464 1011 saccula
481 984 595 1011 cuncta
615 979 762 1013 resultet,

214 1027 279 1059 Per
305 1036 398 1068 quem
427 1033 539 1060 sancta
567 1028 643 1060 Sion

263 1076 391 1108 victrici
418 1078 555 1118 pignore
580 1078 710 1119 ¹gaudet,

213 1124 298 1156 Dum
327 1125 373 1157 sic
400 1126 548 1164 martyn'i

261 1183 434 1206 numerosa
459 1175 553 1215 prole
580 1173 730 1216 refulget.

209 1223 310 1263 Quam
337 1223 488 1263 specialis
512 1234 604 1255 arnor

261 1273 376 1304 matris
391 1273 445 1312 pia
462 1272 586 1305 viscera
600 1273 759 1314 complet!

218 1369 433 1410 Gengulphus
459 1374 586 1411 martyr

259 1418 364 1450 titulis
390 1419 528 1460 insignis
556 1428 703 1461 avorum,

209 1466 387 1500 stemmate
417 1477 516 1508 reque
541 1472 657 1509 potens
740 1500 743 1503 Α

257 1520 289 1548 et
313 1516 454 1549 culmine
469 1515 571 1548 fretus
588 1517 756 1559 honorum,

210 1564 314 1598 Dulce
341 1565 440 1597 decus
465 1567 594 1606 generis

258 1615 395 1655 compsit
420 1614 593 1647 dulcedine
620 1624 756 1656 morum,

207 1663 272 1697 Pro
299 1664 430 1697 Christo
457 1665 585 1705 patiens

259 1713 435 1746 certamina
463 1713 543 1746 dura
572 1712 730 1746 laborum.

206 1809 364 1851 Lingonis
390 1811 470 1843 urbs
495 1810 573 1844 felix

253 1859 400 1893 divinum
428 1863 525 1893 nacta
551 1862 702 1901 virorem,

204 1909 395 1943 Parturiens
421 1918 548 1942 roseum

253 1959 349 1992 viridi
378 1959 418 1991 de
445 1960 591 2000 caespite
617 1958 742 2005 florem,

202 2007 390 2051 Gengulphi
417 2009 543 2042 meritis

250 2057 382 2099 dignum
411 2058 540 2091 diffudit
567 2058 713 2100 odorem

127 2102 169 2140 V.
200 2105 290 2140 Sicut
318 2106 490 2141 fructifera

250 2157 407 2198 produxit
434 2158 522 2190 oliva
548 2167 710 2199 saporem.

237 2303 282 2337 In
309 2307 344 2339 2.
372 2305 611 2338 Nocturno.

322 2382 526 2420 Antiphonae.

199 2473 371 2507 Invocavit
397 2473 503 2506 Deum
531 2481 625 2506 suum

248 2526 377 2556 amator
402 2521 558 2566 iustitiae,

846 1582 890 1620 V.

931 256 976 291 Ut
1002 255 1042 288 ab
1070 256 1127 288 illo
1154 257 1268 299 procul
1296 256 1422 298 pellens

981 313 1158 337 maerorem
1188 305 1342 337 tristitiae

930 353 1064 386 Vultum
1092 353 1160 385 eius
1188 355 1393 394 consignaret

977 401 1154 442 splendore
1181 402 1335 435 laetitiae.

929 499 1028 532 Scuto
1056 499 1158 531 bonae
1186 498 1363 531 voluntatis

975 548 1009 579 in
1036 557 1139 588 agone
1165 547 1347 588 praeditus.

927 597 1085 637 Linguam
1114 606 1250 637 nequam
1275 602 1305 628 et
1327 596 1472 628 dolosam

973 646 1054 678 nihil
1080 655 1214 687 prorsus
1244 646 1376 679 veritus,

927 695 1109 736 operantes
1139 695 1315 727 vanitatem

973 743 1051 775 vicit
1079 749 1206 783 martyr
1232 744 1374 775 inclituS.

927 842 1049 874 Iustum
1087 845 1218 873 sanctus
1245 849 1279 872 se
1307 840 1474 873 confidens

973 890 1159 922 habiturum
1187 890 1327 922 iudicem

926 940 1146 972 Procellosum
1176 944 1384 979 peccatorum

974 988 1152 1020 devitando
1180 988 1312 1020 calicem

925 1037 1192 1077 Transmigrnbat
1221 1037 1380 1077 gloriosus·

972 1087 1013 1117 atl
1042 1088 1197 1117 virtutum
1225 1087 1363 1125 apicem.

1037 1213 1105 1247 Rt-sl
1112 1214 1250 1239 ›cussa-ia.

886 1318 894 1326 .
922 1293 996 1324 Dux
1023 1293 1229 1324 venerandus
1254 1293 1331 1324 emit

970 1341 1088 1372 collato
1118 1350 1250 1373 munere
1279 1340 1412 1383 fontem,

922 1391 1029 1430 thue
1058 1390 1120 1422 viri
1149 1390 1253 1422 sancti

968 1438 1059 1471 fieret
1090 1439 1302 1471 menwrabile
1330 1448 1457 1478 nomen,

919 1489 1104 1521 Transtulit
1132 1495 1299 1520 externam

967 1537 1039 1578 pius
1051 1537 1230 1569 huncDeus
1242 1538 1273 1569 in
1283 1539 1464 1579 regionem:

923 1587 1037 1619 Servat
1067 1586 1173 1618 adhuc
1203 1591 1342 1618 veterem

968 1636 1074 1668 laticis
1102 1634 1174 1667 fons
1202 1636 1258 1668 ille
1286 1638 1438 1669 colorem.

917 1734 1001 1766 Dum
1029 1735 1126 1766 solito
1155 1743 1245 1767 inore

965 1784 1050 1824 regis
1079 1784 1237 1816 dormiret
1264 1784 1296 1816 in
1324 1784 1409 1817 aula.

916 1833 965 1865 Ne
994 1833 1124 1865 Domini
1152 1843 1280 1865 servum

964 1887 1098 1914 vexaret
1124 1892 1188 1914 nox
1213 1882 1398 1925 tenebrosa,

915 1931 1062 1964 Caelitus
1089 1933 1227 1964 accendi

964 1981 1080 2013 meruit
1110 1981 1237 2014 deiecta
1265 1982 1415 2018 lucerna:

840 2026 882 2063 V.
910 2031 980 2063 Rex
1008 2031 1132 2072 stupuit
1161 2032 1294 2069 mirans,

851 2178 884 2211 3.

963 2080 1039 2122 quia
1075 2085 1126 2113 ter
1158 2081 1279 2112 virtute
1307 2090 1462 2123 superna.

911 2178 1044 2220 Martyr
1069 2183 1099 2211 et
1128 2180 1254 2213 athleta

960 2227 1036 2260 fidei
1067 2228 1226 2261 fervendo
1254 2229 1362 2261 calore

910 2277 1033 2309 Terrea
1061 2282 1271 2310 contemnens

963 2325 1050 2358 vitae
1077 2327 1229 2359 caelestis
1256 2335 1367 2359 amore

912 2374 1031 2416 Fulget
1058 2376 1089 2408 in
1118 2376 1259 2409 excelsis

960 2424 1083 2457 celebri
1094 2425 1309 2467 Gengulphus
1324 2426 1461 2465 honore,

841 2469 883 2507 V.
910 2472 1066 2518 Martyrii
1095 2483 1188 2507 roseo

961 2523 1094 2556 radians
1114 2533 1214 2565 super
1227 2527 1317 2557 astra
1332 2532 1460 2558 cruore.
