1650 2727
725 171 991 207 ...144-

595 269 678 298 Caeli
701 269 801 297 aulam
822 268 892 297 dum
913 267 1070 296 mandaret

654 308 788 344 pontifex
808 307 949 336 Gelasius

597 348 783 380 Consecrari,
804 348 1009 374 convenerunt

652 388 789 422 primitus
811 386 1002 417 Laurentius,

593 422 698 462 Hi[n]c
720 426 852 453 sabinus
873 425 1054 457 Canusinus,

652 464 807 501 Salpensis
829 463 985 492 Palladius

596 503 637 530 Et
658 504 807 532 Iohannes
830 504 1016 535 Rubesanus,

659 543 822 571 Tranensis
844 542 978 569 Eutitius

595 581 635 608 Et
655 590 721 609 eum
744 582 807 608 illis
829 581 1002 609 Venusinus

655 620 741 648 affuit
761 621 928 648 Austerius.

591 657 655 686 Hoc
676 661 792 687 vetavit
819 659 883 687 Deo
908 660 1016 686 missus

648 698 779 726 Michael
800 698 999 734 archangelus

589 737 714 764 Dicens:
738 738 867 764 Domum
889 739 978 764 istam
999 737 1055 765 feci

647 779 676 802 et
697 777 815 803 sacravi
835 777 971 803 caelitus.

539 811 574 842 V.
597 815 712 848 Quibus
733 815 801 841 visu
822 813 891 842 dum
913 817 1025 842 astaret

649 855 755 880 summi
777 853 856 888 regis
878 854 1012 885 nuntius,

591 891 631 918 Ut
653 895 805 919 cessarent
826 893 863 920 ab
885 893 1004 926 incepto

648 931 763 957 monuit
784 930 992 967 archangelus.

557 1082 603 1112 57.
646 1081 688 1113 De
710 1091 734 1112 s.
757 1082 920 1114 Leonardo
940 1082 1168 1115 Lemovicensi.

321 1173 367 1204 In
396 1173 427 1206 1.
454 1172 675 1213 Vesperis.

398 1250 599 1285 Antiphonae.

218 1349 249 1380 1.
278 1347 419 1388 Christe,
446 1347 493 1379 tui
519 1349 623 1379 sancti

325 1395 521 1428 confessoris
550 1396 711 1430 Leonardi

276 1445 390 1477 Laude
417 1445 471 1485 pia
498 1450 630 1485 praesta

326 1493 419 1525 nobis
454 1503 547 1525 sacra
573 1494 700 1526 solvere
728 1493 821 1527 festa.

215 1601 246 1632 2.
273 1599 430 1632 Adflictis
457 1604 613 1639 operante
639 1600 699 1633 Dei

325 1649 446 1680 virtute
472 1653 623 1688 potenter

276 1697 443 1729 Auxilium
470 1698 586 1729 meruit

330 1744 479 1784 conferre
501 1746 632 1778 salubre
654 1746 853 1787 frequenter.

221 1854 253 1886 3.
280 1852 344 1885 Hic
371 1854 420 1884 vir
447 1853 601 1894 despecto

328 1902 440 1933 mundi
468 1903 651 1941 praesentis
678 1904 800 1936 honore

279 1950 317 1983 In
344 1954 457 1982 sancto
484 1952 609 1983 studuit

328 1999 466 2031 Domino
493 2000 616 2032 servire
642 2001 769 2034 timore.

218 2107 251 2138 4.
279 2106 365 2139 Hinc
391 2107 512 2148 algore,
542 2106 625 2138 fame

330 2155 456 2196 fragilis
482 2155 656 2187 instantius
680 2160 770 2188 artus

279 2204 436 2244 Corporis
463 2204 618 2243 edomuit,

329 2253 422 2286 daret
433 2255 467 2284 ut
478 2253 540 2285 sibi
550 2255 696 2293 praemia
707 2253 865 2288 Christus.

219 2362 251 2394 5.
278 2360 356 2400 Iste,
384 2360 537 2392 salutaris

328 2409 483 2450 baptismi
509 2409 637 2450 gurgite
662 2411 783 2442 tinctus

277 2458 340 2492 Est
366 2458 443 2491 fidei
472 2467 567 2492 verae

327 2508 507 2551 prudenter
539 2508 656 2549 dogma
681 2511 822 2541 secutus.

1079 1173 1125 1200 Ad
1146 1173 1333 1211 Magnificat.

882 1244 923 1275 A.
952 1243 1127 1276 confessor
1155 1242 1288 1284 Christi,

1003 1292 1133 1324 sublimi
1159 1292 1307 1331 proxime
1331 1292 1430 1333 patri,

957 1340 982 1372 Ο
1011 1341 1183 1372 Leonarde
1209 1341 1273 1372 tuis

1007 1389 1104 1422 hodie
1130 1398 1285 1422 succurre
1311 1390 1484 1429 ministris,

956 1437 1063 1478 Digna
1090 1438 1187 1470 laude
1211 1443 1266 1470 tua

1006 1486 1224 1519 recolentibus
1250 1486 1365 1520 inclita
1389 1485 1485 1529 festa,

956 1534 1011 1575 Et,
1039 1535 1093 1576 qui
1121 1536 1249 1575 peccati

1007 1593 1116 1616 sumus
1132 1585 1276 1625 undique
1291 1585 1377 1617 mole
1393 1585 1534 1628 gravati,

956 1631 1107 1664 Clemens
1136 1632 1272 1674 dignare

1008 1681 1185 1714 relevando
1211 1680 1401 1716 iustificare.

1027 1797 1090 1830 Ad
1117 1799 1393 1833 Matutinum.

1096 1871 1321 1898 Invitatorium.

958 1949 1083 1982 Cuncta
1109 1948 1343 1989 gubernantem

1004 1997 1178 2030 Dominum
1193 1999 1364 2032 laudemus
1378 2001 1411 2033 in
1421 2009 1534 2042 unum,

960 2046 1020 2084 Qui
1049 2045 1204 2079 famulum
1233 2048 1367 2089 dignum

1011 2094 1073 2126 sibi
1100 2097 1267 2134 praevidit
1291 2096 1513 2132 Leonardum.

1023 2211 1069 2243 In
1099 2213 1129 2246 1.
1158 2212 1397 2249 Nocturno.

1087 2284 1289 2321 Antiphonae.

900 2363 917 2395 1
924 2388 931 2395 .
961 2361 1099 2403 Hymnis
1126 2363 1268 2397 almiluis

1010 2411 1141 2444 Christo
1167 2414 1294 2455 pariter
1319 2415 1507 2460 iubilemus,

956 2459 988 2492 A
1015 2469 1079 2501 quo
1103 2470 1291 2501 supremum

1008 2509 1108 2542 decus
1119 2514 1168 2542 est
1174 2511 1367 2547 Leonardus
1377 2515 1535 2558 adeptus.
