1650 2727
724 147 967 183 -90—

423 248 455 281 5.
482 247 538 280 Me
561 247 727 288 compellit
753 247 880 279 instans
906 246 1093 290 necessitas,

479 296 525 329 Ut
551 296 727 336 revolvam,
754 296 841 336 quod
867 295 957 327 iubet
983 295 1148 336 aequitas3

480 345 575 378 Iubet
600 354 676 377 usus
704 348 736 376 et
761 344 852 376 iubet
877 344 998 376 veritas

640 394 729 426 Illud
756 394 854 427 idem.

478 443 591 476 Sermo
616 452 723 483 nugax
749 446 781 474 et
807 451 914 482 nugax
940 440 1040 472 otium

477 493 708 533 Postponatur,
736 500 776 522 ne
802 491 913 531 gignat
938 488 1102 530 taedium3

479 540 513 573 Si
540 550 603 572 non
631 549 761 580 possum
789 543 900 570 tenere
926 537 1079 578 medium,

638 589 693 620 Me
719 588 890 620 trucidem.

417 723 449 756 6.
477 721 626 754 Pretiosa
652 720 782 752 Domini
810 719 918 760 passio

481 770 544 801 Hic
571 778 737 801 sacrorum
762 777 856 800 sacro
883 767 1002 799 ieiunio

480 818 672 851 Celebratur
699 826 814 858 magno
841 816 1007 858 mysterio,

640 868 739 899 Prout
769 865 876 899 debet,

481 915 558 948 Sion
584 915 721 955 plangit,
750 915 908 954 Ephraim
936 913 1094 954 queritur,

478 964 577 997 Iudas
604 964 713 1003 gemit,
743 963 840 995 Iacob
867 963 1030 1000 atteritur,

475 1013 615 1045 Ratione
642 1012 791 1052 quoniam
821 1010 991 1054 frangitur,

636 1062 775 1100 Questus
804 1060 950 1101 praebet.

416 1199 447 1232 7.
476 1198 551 1230 Vita
577 1198 658 1229 lucis
685 1197 718 1228 in
745 1197 832 1238 ligno
859 1197 1006 1234 moritur,

474 1247 529 1279 Sol
557 1247 704 1289 eclipsat,
733 1251 763 1278 et
792 1246 910 1289 Ioseph
944 1244 1107 1285 venditur,

476 1296 580 1328 Terra
606 1297 727 1334 tremit,
755 1302 844 1328 terra
869 1305 933 1328 non
961 1293 1082 1326 fruitur

634 1346 709 1378 Iure
735 1345 828 1377 lucis.

475 1393 583 1425 Vitam
611 1395 693 1426 mori
720 1403 771 1426 res
799 1397 847 1426 est
874 1392 1046 1431 mirabilis,

472 1443 616 1474 Mortem
643 1443 730 1475 subit
757 1443 862 1475 libens
890 1446 922 1474 et
948 1440 1090 1474 humilis.

475 1488 657 1536 [Imorta'is
683 1492 789 1524 factus
815 1487 1010 1535 passibilis}

631 1541 773 1573 Mortem
802 1541 917 1573 crucis.

411 1673 444 1706 8.
471 1673 563 1705 Mors
590 1683 710 1710 amara,
739 1675 848 1706 minax
874 1679 907 1706 et
933 1673 1041 1716 effera,

471 1722 522 1754 Tu
549 1723 745 1763 succumbis,
774 1724 879 1755 victor
904 1723 947 1756 ad
972 1722 1079 1755 infera

469 1771 603 1810 Quaerit
629 1781 715 1813 suos,
743 1782 762 1804 a
787 1773 866 1804 sede
891 1773 1012 1805 misera

629 1821 846 1854 Revocantur.

472 1869 566 1902 Selus
594 1874 706 1902 nostra
732 1870 847 1902 mortis
873 1870 1008 1911 angaria

469 1918 646 1951 Liberatur
671 1919 704 1950 in
730 1919 783 1951 die
808 1919 918 1958 tertia,

468 1966 539 2008 Fel,
567 1971 704 2007 acetum,
733 1971 839 2008 sputa,
867 1966 991 2008 flagitia

632 2016 846 2057 Superantur.

407 2152 440 2184 9.
467 2151 665 2194 Affligamur
690 2153 785 2194 votis,
812 2152 951 2196 ieiuniis,

467 2201 679 2234 Exsultemus
705 2201 835 2235 Christo
861 2200 1055 2243 praeconiis,

467 2249 684 2283 Occurramus
710 2251 743 2282 in
770 2250 981 2291 paenitentiis

629 2299 802 2333 Salvaton'.

467 2348 681 2389 Expurgetur
705 2351 798 2380 vetus
825 2346 994 2388 spurcitia,

468 2397 570 2430 Vetus
597 2405 700 2440 error,
728 2400 821 2430 vetus
847 2396 1003 2437 nequitia,

467 2445 692 2480 Emundemur
717 2445 944 2479 convenientia

625 2494 769 2528 Meliori,
