1650 2727
694 121 935 158 -58-

600 218 640 249 71.
682 217 726 249 De
747 217 847 250 Beata
870 217 972 250 Maria
995 218 1031 250 V.

163 287 194 319 1.
223 286 249 319 Ο
275 290 428 328 quantum
457 289 616 321 sollicitor
862 291 893 326 3.
923 291 992 324 Vae
1016 290 1109 323 vobis
1134 288 1350 331 presbyteris,

219 335 264 367 Et
290 336 376 369 curis
403 338 605 380 suppeditor,
918 339 979 381 Qui
1006 340 1085 372 estis
1115 336 1177 383 [in]
1206 338 1311 370 literis

221 384 309 417 Dum
336 386 435 418 corde
461 387 695 419 transmeditor
920 387 1121 421 Testamenti
1146 387 1267 420 veteris

267 435 428 468 Praesens
454 439 487 467 et
512 434 675 478 futurum3
967 437 1009 469 Et
1036 437 1111 469 novi
1139 437 1290 469 doctores

218 482 380 516 Praesens
406 488 439 516 et
463 485 676 526 praeteritum
920 485 1121 518 Praestatuti
1148 484 1278 526 ceteris,

218 531 364 573 Vergnnt
388 533 421 565 in
448 533 625 573 interitum,
918 533 1148 567 Obstructores
1174 533 1327 566 aetheris.

217 580 329 613 Talem
356 581 456 614 habet
481 582 601 614 exitum
916 582 1093 616 Indiscreti
1121 582 1229 615 oneris

265 630 416 662 Humana
441 634 568 664 natura.
965 631 1056 664 Estis
1082 631 1301 672 iniunctores·‚

215 677 241 710 Ο
269 679 323 719 qui
350 679 554 720 intellegeret
918 680 1102 713 Cathedrae
1129 679 1293 712 recubitus

266 729 419 767 Mortem,
446 737 542 767 quam
567 728 609 759 sit
637 727 730 763 dura,
967 728 1094 761 Primos
1119 728 1292 769 adamatis,

217 774 261 806 Et
287 776 381 808 finem
410 777 625 818 prospiceret,
921 777 954 809 Si
984 777 1025 808 sit
1054 775 1174 821 [vobis]
1203 777 1364 815 subditus,

217 823 255 856 In
282 825 398 856 timore
425 825 560 858 viveret.
920 826 1117 858 Commissus
1143 825 1309 865 divinitus,

218 874 361 906 Voveret
387 878 419 905 et
445 874 600 906 redderet
922 874 1010 906 Grex
1037 873 1146 906 salvus
1173 874 1225 906 vel
1252 873 1412 915 perditus,

265 923 335 954 Deo
361 932 419 955 sua
444 922 527 956 iura.
970 922 1107 954 Minime
1133 923 1265 955 curatis.

157 994 190 1024 2.
218 990 362 1028 Cunctis,
391 990 506 1030 quibus
532 990 648 1030 milito,
861 994 893 1025 4.
921 990 1007 1030 Quid
1035 991 1075 1022 de
1100 990 1196 1031 vulgo
1222 989 1413 1031 proferam?

219 1039 342 1071 Diebus
370 1040 402 1070 in
430 1040 600 1080 proposito
921 1040 1095 1079 Nunquam
1121 1039 1190 1071 eius
1216 1038 1366 1072 sufferam

219 1088 307 1129 Sum,
335 1088 422 1128 quod
449 1088 546 1120 velim
574 1087 681 1120 subito
921 1090 982 1127 lta,
1011 1088 1097 1128 quod
1124 1097 1188 1120 non
1215 1087 1344 1120 efferam

269 1138 335 1169 Aut
363 1145 434 1168 cras
461 1137 648 1177 emendari;
970 1137 1074 1169 Miras
1102 1135 1275 1175 falsitates,

218 1185 297 1218 Cras
323 1190 359 1216 ut
386 1195 501 1218 corvus
529 1185 649 1218 crocito
922 1185 1020 1218 Cuius
1047 1186 1159 1226 lingua
1184 1184 1313 1228 florida,

218 1234 262 1266 Et
287 1243 361 1267 eras
387 1235 474 1266 idem
502 1238 633 1276 appeto,
921 1236 1007 1267 Acta
1030 1243 1109 1267 vero
1134 1234 1272 1266 sordida

218 1284 310 1324 Volo,
338 1284 394 1315 sed
423 1292 487 1316 non
514 1283 661 1324 quaerito
920 1284 963 1316 Et
991 1284 1091 1316 eorda
1118 1288 1193 1315 sunt
1221 1283 1348 1322 perfida

265 1334 294 1364 A
323 1333 420 1364 sorde
445 1332 606 1365 mundari.
969 1333 1032 1364 Per
1058 1331 1268 1372 subtilitates,

218 1381 354 1422 Lingua,
383 1382 441 1413 sed
467 1391 531 1413 non
557 1380 641 1413 ratio
919 1381 1078 1413 Traditur
1103 1381 1282 1422 sophistice

265 1430 412 1471 Spondet
436 1430 523 1462 haud
550 1437 697 1470 peccare,
969 1429 1038 1461 Nec
1065 1433 1124 1469 est,
1152 1434 1188 1462 ut
1214 1435 1365 1470 apparet,

216 1478 281 1510 Sed
307 1487 367 1511 nee
392 1477 571 1518 satisfacio,
919 1479 1095 1510 Doctrinae
1122 1478 1304 1511 catholicae

217 1527 293 1567 Sed,
323 1524 377 1571 [si]
407 1527 496 1559 venit
520 1527 640 1564 unctio,
918 1528 986 1559 Iam
1014 1526 1120 1558 factae
1147 1530 1223 1559 sunt
1248 1529 1443 1570 pseusticae,

217 1576 308 1608 Tunc
334 1576 423 1607 venit
449 1576 654 1616 compunctio
917 1575 949 1607 Si
977 1576 1048 1615 quis
1075 1576 1157 1607 vivit
1185 1576 1286 1613 deice,

265 1625 327 1657 Vix
356 1634 455 1664 passu
482 1625 627 1657 salutari.
966 1624 1083 1657 Mundi
1110 1625 1210 1658 laude
1238 1630 1336 1659 caret.

548 1696 580 1726 5.
608 1693 740 1724 Adiuva
766 1702 835 1730 nos,
863 1692 1011 1733 Domine,

607 1742 669 1782 Qui
697 1750 811 1782 passus
837 1750 872 1772 es
898 1751 958 1782 pro
984 1742 1125 1781 homine,

610 1790 653 1823 Ut
682 1791 714 1822 in
742 1795 797 1822 tuo
823 1791 953 1822 nomine

659 1840 797 1878 Semper
821 1839 1015 1880 gloriemur;

610 1888 729 1927 Maria,
757 1888 924 1920 humilium

609 1937 651 1968 Et
679 1945 765 1978 speS,
792 1936 880 1969 salus
904 1938 1057 1978 omnium,

609 1986 659 2017 Tu
685 1994 744 2026 pro
771 1985 865 2017 nobis
892 1986 993 2018 filium

657 2034 733 2073 Ora,
760 2038 796 2065 ut
821 2034 995 2068 salvemur.

607 2083 696 2115 Audi
723 2092 793 2121 nos,
820 2092 894 2115 nam
921 2088 953 2116 te
979 2083 1065 2117 filius

656 2131 714 2164 Nil
740 2141 862 2172 negans
887 2132 1044 2175 honorat;

609 2180 706 2212 Salva
732 2190 790 2212 nos
818 2181 967 2221 celerius,

608 2229 746 2267 Christe,
774 2230 818 2261 sis
845 2231 1016 2272 propitius,

609 2278 671 2310 Pro
696 2277 812 2319 quibus
838 2282 871 2309 te
899 2279 1026 2312 dulcius

657 2327 755 2367 Virgo
778 2332 882 2359 mater
907 2331 990 2361 orat.

220 2397 342 2425 Collect.
366 2406 418 2424 ms.
433 2398 585 2433 Pragense
607 2405 684 2424 saec.
712 2393 756 2423 15.
779 2396 851 2423 Cod.
874 2395 1001 2432 pragen.
1023 2397 1038 2423 Ι
1059 2397 1084 2425 G
1102 2394 1149 2424 39.
1171 2412 1209 2416 —-
1234 2395 1256 2428 1.
1280 2396 1298 2425 9
1319 2398 1344 2426 O
1361 2400 1441 2435 quis.
1455 2413 1490 2420 —

137 2436 164 2473 2,
186 2438 205 2467 3
227 2438 298 2465 Sim.
321 2451 359 2456 -—
380 2435 412 2469 4,
444 2434 479 2465 14
507 2436 565 2463 Hie
587 2435 687 2463 mundi
710 2434 808 2462 laude.
831 2449 867 2454 —
890 2434 926 2470 5,
958 2434 993 2464 12
1013 2435 1140 2469 Christe,
1162 2439 1195 2464 tu
1217 2437 1266 2463 sis.
1289 2452 1327 2457 —
1349 2436 1382 2471 5,
1404 2437 1422 2467 9
1444 2447 1489 2475 sq.

139 2477 274 2508 entlehnt
295 2485 349 2504 aus
375 2474 427 2504 der
449 2476 585 2512 Sequenz
606 2475 682 2503 Ave
704 2475 916 2511 praeclara.
