1650 2727
666 159 908 196 -21-

330 257 544 293 Responsoria.
850 258 888 291 V.
919 258 1032 292 Omnis
1059 257 1100 292 ab
1127 258 1214 291 intus
1241 259 1344 300 gloria

146 329 178 362 1.
211 327 333 361 Sancta
358 326 546 368 priusquam
574 329 651 360 nata
678 325 740 360 fuit
964 307 1100 349 Virginis
1129 307 1254 340 ‘³¹⁵5‘st
1287 309 1391 343 huius·

260 375 316 417 Pia
343 376 434 416 Virgo
461 375 579 417 Maria,
653 391 657 395 ·
852 386 884 419 2.
920 386 1043 418 Norma
1071 385 1132 418 suit
1159 387 1285 418 cunctis

215 425 342 459 Ventre
359 425 505 466 parentis
524 423 634 457 clausa
651 424 792 457 creantis
964 434 1098 467 vivendi
1124 435 1306 475 spiritualis

260 477 434 515 pneumate
460 473 569 514 plena.
917 483 1094 516 Instituens
1128 484 1226 516 vitam

176 549 184 557 .
216 522 360 556 Pulchra
410 522 506 554 nimis
553 521 757 563 Dominoque

462 571 612 615 placens,

259 619 413 663 formosa,
443 621 572 653 decora.

178 734 185 741 .
217 709 353 750 Regum,
381 708 569 749 pontificum

266 758 305 790 de
319 758 424 798 stirpe
437 766 529 789 suum
542 757 630 797 capit
640 761 757 796 ortum,

211 806 403 840 Pontificem
432 806 597 840 Christum

259 863 367 896 regem
386 856 534 896 paritura
550 863 757 895 supremum·‚

171 930 179 938 .
211 904 340 937 Nobilis
368 909 416 936 est
442 913 572 945 genere,

258 953 316 986 sed
344 954 487 986 nobilior
514 953 687 993 probitate.

171 1067 178 1074 .
211 1042 323 1074 Trima
349 1041 471 1084 gradus
498 1047 549 1073 ter
575 1042 689 1082 quinos

258 1091 386 1123 scandit
413 1091 486 1132 ipsa
512 1090 653 1122 libenter

211 1139 287 1173 Sola
314 1144 466 1180 parentes
493 1148 557 1171 non

249 1193 444 1228 exspectans
452 1197 485 1220 se
493 1192 730 1229 praeparantes
745 1199 752 1226 3

168 1261 175 1270 .
208 1237 340 1271 Summo
367 1247 401 1270 se
427 1237 548 1270 teneris

255 1287 394 1320 Domino
403 1290 591 1327 praesentat
603 1287 635 1318 in
642 1286 746 1320 annis.

238 1415 285 1447 In
313 1415 345 1447 2.
375 1414 613 1446 Nocturno.

328 1491 531 1527 Antiphonae.

166 1600 174 1608 .
206 1572 335 1614 Templi
362 1571 482 1612 gradus
510 1571 608 1603 trima

255 1621 446 1662 Quindecim
476 1620 637 1661 ascendit,

206 1670 399 1704 Castitatem
422 1670 528 1710 prima

256 1720 459 1760 Dominoque
486 1719 585 1752 vovit.

166 1835 173 1842 .
206 1808 411 1850 Frequenter
441 1807 482 1839 ab
509 1808 634 1848 angelis

256 1859 354 1899 Virgo
382 1857 545 1897 visitatur,

202 1908 345 1949 Quorum
372 1907 413 1939 ab
439 1905 580 1939 infantia

255 1958 364 1990 Vitam
389 1956 547 1989 imitatur.

138 2048 170 2081 3.
209 2045 371 2088 Seraphin
396 2050 427 2077 et
454 2045 588 2077 thronos

252 2095 360 2129 Vincit
387 2095 531 2136 puritate

202 2145 407 2187 Superatque
433 2148 563 2176 sanctos

249 2196 368 2229 Omnes
396 2193 529 2236 pietate.

320 2303 533 2339 Responsoria.

136 2376 168 2410 1.
197 2373 427 2416 Virginitatem
453 2373 559 2415 prima

245 2433 329 2466 quae
349 2422 437 2456 vovit
453 2423 544 2464 virgo
558 2421 746 2461 relinquens

196 2473 394 2515 Exemplum
419 2473 532 2505 multis

243 2527 359 2566 postea
384 2522 586 2564 virginibus3

967 532 1061 564 duxit
1088 536 1118 564 et
1145 533 1336 574 angelicam,

865 580 885 614 ⁷.
917 581 954 613 In
982 581 1113 615 Domini
1141 582 1211 623 lege

966 631 1144 663 meditatur
1171 635 1265 665 noete
1294 630 1420 671 dieque.

877 734 884 741 .
918 709 1076 749 Simplex,
1104 709 1252 750 pacifica,

967 760 1112 800 prudens
1123 759 1317 799 humilisque
1328 759 1459 801 pudica,

918 807 1029 840 Gratis
1056 812 1171 840 ornata

965 857 1110 889 moribus
1137 858 1210 898 ipsa
1237 856 1320 897 fuit3

876 932 882 938 .
916 907 1001 939 Pura
1028 906 1103 947 fide,
1132 908 1260 946 patiens

965 964 1032 998 spe,
1061 955 1143 987 miro
1171 954 1273 987 fervet
1302 964 1423 989 amore.

953 1084 996 1116 In
1026 1084 1058 1116 3.
1090 1081 1327 1116 Nocturno.

1040 1151 1061 1177 A
1068 1149 1237 1184 ntiphonae.

876 1258 882 1263 .
914 1230 1008 1262 Dono
1040 1230 1154 1261 summi
1183 1230 1268 1270 regis

963 1279 1061 1312 Plena
1090 1279 1262 1310 benedicto

915 1327 1125 1360 Feminarum
1151 1328 1233 1369 legis

990 1378 1085 1410 Caret
1112 1377 1298 1411 maledictO.

876 1484 883 1491 .
920 1457 1056 1489 Sumens
1083 1456 1164 1488 illud
1193 1458 1264 1488 Ave

964 1505 1128 1538 Gabrielis
1155 1515 1210 1537 ore

913 1555 1065 1594 Concipit
1090 1555 1224 1589 intacta.

964 1604 1053 1637 Parit
1080 1605 1282 1643 incorrupta.

875 1708 882 1716 .
913 1682 1024 1715 Mater
1047 1682 1213 1723 opulenta,

963 1732 1077 1764 Dulcis
1104 1738 1134 1762 et
1162 1731 1312 1774 benigna,

913 1781 982 1814 Nos
1008 1785 1062 1812 tuo
1088 1785 1263 1822 praesenta

964 1830 1049 1863 Nato
1075 1839 1172 1871 prece
1202 1830 1310 1872 digna.

1031 1929 1243 1965 Rmponsorffl-

872 2024 880 2033 .
913 1999 1100 2032 Pneumatis
1126 1998 1283 2031 imbuitur

963 2049 1121 2081 doctrinis
1148 2051 1256 2080 mente
1284 2056 1399 2080 serena

909 2099 959 2130 Ac
987 2097 1132 2139 paradisi
1160 2098 1308 2130 mortalis

957 2152 1146 2188 praegustat
1173 2156 1326 2188 amoena;

838 2197 877 2231 V.
910 2197 1000 2229 Haec
1027 2197 1137 2237 genito
1164 2196 1267 2237 patris

956 2250 1174 2288 praeparatur
1194 2246 1319 2277 mansio
1341 2244 1452 2286 digna.

842 2326 876 2358 2.
910 2325 1008 2367 Virgo
1036 2324 1156 2363 Maria,
1184 2324 1295 2366 maris,

957 2383 1076 2414 expers
1104 2378 1135 2405 et
1169 2374 1315 2406 criminis
1341 2372 1456 2414 omnis,

907 2423 963 2456 Fit
989 2424 1090 2464 geniti
1117 2424 1221 2463 patris

954 2473 1122 2514 genetrix,
1149 2481 1244 2513 quem
1269 2481 1334 2504 non
1360 2471 1450 2513 capit

1160 2521 1261 2561 orbis,
