1650 2727
702 141 969 178 —120—

204 238 234 271 7.
263 238 373 279 Teque
399 247 458 278 per
482 239 734 279 advocatricem,
906 243 939 276 9.
966 241 1076 274 Mater
1100 239 1357 279 misericordiae,

264 286 418 320 Sanctam
444 297 571 328 quoque
597 290 793 329 genetricem
964 289 1086 322 Poenis
1109 289 1188 323 Orci
1212 298 1272 321 nos
1297 296 1386 327 erue,

264 336 493 376 Adiungamur
517 341 593 369 nato
620 338 674 378 pio
967 338 1019 370 Ne
1044 337 1194 370 labamur
1220 340 1379 378 perpetue

264 385 303 417 In
332 385 464 418 caelesti
491 386 638 427 collegio,
966 387 1018 419 Ex
1047 386 1107 418 hac
1134 386 1220 418 valle
1246 385 1408 418 miseriae.

203 493 234 526 8.
263 492 383 525 Omnes
411 501 487 534 ergo
513 503 720 534 assurgamus
884 495 939 527 10.
967 493 1174 534 Virginitatis
1200 492 1348 533 zelatrix,

266 540 310 573 Et
329 541 442 573 laudes
461 551 545 573 nunc
559 552 807 582 prorumpamus
967 541 1094 582 Lapsus
1120 541 1223 573 nostri
1250 539 1450 582 reparatrix,

267 590 390 622 Christi
417 591 572 631 genetrici
601 591 717 631 dignae
968 590 1105 631 Culpam
1131 590 1227 622 Adae
1253 592 1288 621 tu
1313 588 1434 629 tegisti‚

265 639 404 671 Carmen
431 649 492 679 per
517 640 652 680 insigne.
968 639 1133 671 Christum
1161 647 1232 670 cum
1258 637 1410 678 genuisti.

533 747 589 779 11.
617 746 837 782 sanctissima.
867 745 1058 786 deprecare,

615 794 747 826 Coetum
775 794 854 826 cleri
882 794 1043 826 collocare

613 843 765 883 Velisque
790 843 824 874 in
850 842 1014 874 sideribus

614 891 734 923 Solutis
760 896 838 923 tunc
865 891 1043 924 doloribuS.

243 998 328 1025 Cant.
361 1006 414 1024 ms.
446 997 596 1031 Pragense
626 997 809 1026 (lVenceslai
841 997 877 1024 de
905 996 1091 1032 Wyskytna)
1122 997 1193 1022 anni
1229 994 1310 1023 1512.
1338 996 1408 1023 Cod.
1437 996 1515 1023 Mus.

166 1036 430 1103 ἱζόήιεῗηωξέξῐίςέῗ
454 1036 479 1062 2.
503 1051 539 1054 -
561 1034 593 1064 9.
622 1034 640 1062 *2
662 1037 686 1063 Α
710 1037 823 1071 poenis.
845 1050 883 1054 —
905 1034 937 1067 9,
966 1034 984 1063 3
1005 1035 1151 1063 labemur.
1177 1050 1215 1053 —
1239 1033 1287 1067 10,
1315 1033 1333 1062 2
1355 1036 1456 1072 Lapsi.
1479 1049 1516 1054 —

615 1213 674 1244 147.
717 1213 750 1244 111
774 1212 969 1245 Visitatione
991 1213 1080 1244 Biiv.

205 1317 235 1349 1.
263 1314 342 1347 Abit
372 1314 461 1354 virgo
488 1314 519 1345 in
545 1319 699 1346 montana
908 1316 940 1348 3.
969 1314 1095 1347 Chorus
1121 1318 1234 1346 noster
1261 1314 1347 1346 dicat
1376 1316 1480 1346 Amen

262 1363 499 1402 Concrepuudo
526 1368 633 1394 mente
659 1373 749 1404 sana,
967 1363 1192 1395 Collaudando
1227 1372 1355 1394 sacrum
1386 1361 1515 1406 flamen,

262 1411 432 1445 Elisabeth
459 1412 644 1449 exsultavit,
967 1412 1059 1451 Quod
1087 1416 1257 1452 utramque
1283 1412 1441 1454 visitavit,

264 1462 365 1501 Quam
393 1465 468 1492 tunc
495 1460 603 1492 Maria
629 1461 784 1493 salutavit
968 1461 1088 1493 Divino
1114 1461 1189 1501 igne
1215 1459 1433 1493 inflammavit

314 1510 486 1542 visitando
513 1510 694 1550 gravidam.
1016 1510 1157 1542 Mariam
1185 1514 1217 1543 et
1244 1515 1425 1552 cognatam.

207 1619 238 1651 2.
267 1618 329 1650 Illa
355 1617 445 1649 illam
472 1617 686 1660 amplexatur,
909 1620 941 1651 4.
966 1618 1111 1650 Alleluia
1138 1618 1357 1659 decantemus,

262 1667 359 1698 Miles
385 1666 462 1697 hero
491 1665 678 1709 famulatur,
968 1668 1215 1700 Florescentem
1242 1668 1473 1709 collaudemus,

264 1715 349 1747 Dum
378 1724 533 1754 praesens
560 1716 602 1746 sit
625 1716 808 1758 convenire,
971 1717 1060 1756 Quae
1078 1717 1215 1757 protulit
1233 1721 1380 1748 sanctum
1398 1715 1512 1748 florem

268 1764 308 1796 Se
328 1768 450 1796 matres
469 1768 598 1795 sanctas
613 1765 660 1796 sic
674 1764 809 1805 ambire,
971 1766 1070 1797 Iustis
1096 1775 1135 1797 ac
1158 1766 1278 1798 sanctis
1297 1766 1328 1798 in
1347 1766 1513 1806 honorem,

318 1813 433 1845 Senem
460 1813 577 1844 mulcet
605 1814 768 1854 pavidam.
1019 1814 1161 1847 Matrem
1187 1819 1284 1856 atque
1306 1814 1421 1847 filiam.

251 1920 337 1947 Cant.
371 1927 424 1945 ms.
456 1919 606 1954 Pragense
636 1920 820 1953 (WVenceslai
852 1920 887 1947 de
908 1919 1094 1956 Wyskytnal
1125 1922 1196 1948 anni
1231 1920 1313 1949 1512.
1343 1921 1414 1949 Cod.
1442 1922 1520 1949 Mus.

170 1958 293 1986 Bohem.
316 1957 391 1986 XIII
415 1959 439 1984 Α
462 1956 488 1985 2.
511 1975 546 1978 -
569 1957 595 1990 2,
618 1958 635 1986 ‘2
656 1959 746 1986 Miles
767 1958 862 1986 heres.
884 1974 922 1978 —
943 1959 971 1991 4.
993 1958 1011 1986 2
1033 1960 1235 1988 decantemus.

596 2136 659 2167 148.
701 2137 734 2168 ln
757 2136 982 2177 Assumptione
1005 2137 1094 2168 BMV.

210 2239 238 2269 1.
265 2238 353 2277 Quae
371 2239 419 2267 est
438 2235 511 2277 ista,
538 2245 620 2276 quae
638 2236 811 2269 ascendit?
910 2239 942 2272 2.
971 2238 1062 2270 Haec
1086 2242 1135 2270 est
1155 2239 1259 2271 vellus
1282 2239 1519 2285 humefactam,

265 2285 358 2326 Quod
373 2284 442 2316 vult
455 2284 552 2325 ipsa?
567 2295 629 2325 quo
643 2285 812 2325 protendit
970 2287 1057 2319 Rore
1083 2287 1180 2326 pellis
1207 2287 1248 2320 de
1275 2289 1435 2323 intactum

315 2334 454 2368 Gressus
481 2343 555 2365 suos
582 2333 729 2374 ponere?
1018 2335 1183 2368 Gedeonis
1209 2346 1361 2378 munere3

266 2384 358 2416 Haec
383 2386 430 2414 est
458 2382 557 2414 rubus
580 2381 809 2425 inflammatus,
967 2383 1059 2416 Haec
1077 2384 1146 2416 vult
1160 2385 1284 2418 caelum
1300 2393 1514 2432 transmeare,

266 2434 352 2466 Rore
380 2431 480 2463 cubus
506 2431 650 2464 elevatus
968 2433 1046 2466 Orci
1072 2433 1178 2465 velum
1207 2435 1412 2475 depraedare

314 2481 423 2521 Moysi
446 2480 505 2512 sub
533 2489 642 2515 onere.
1022 2481 1231 2523 Supplicatus
1258 2483 1380 2519 fenore.
