1650 2727
720 155 960 190 -90-

207 260 240 291 4.
266 257 390 290 Doctus
416 264 478 296 per
502 254 618 287 flamen
646 253 780 294 spiritus
1002 253 1050 286 In
1086 255 1120 288 2.
1154 253 1378 296 Vesperi&

268 306 310 338 Se
333 304 499 337 dedicavit
525 302 672 336 funditus

316 354 447 387 Servire
474 352 625 392 creatori,

269 403 434 445 Spernens
461 402 616 434 mundum
643 400 783 443 penitus,

269 452 372 484 Douis
398 450 551 492 perfusus
579 450 724 488 caelitus,

318 501 453 534 Innixus
479 499 689 539 redemptori.

1061 330 1107 358 Ad
1128 330 1315 368 Mag-nificat.

901 421 942 452 A.
970 420 996 454 O
1023 420 1128 452 virum
1154 419 1349 459 mirabilem,

970 469 1068 501 Cuius
1095 468 1195 501 vestis
1220 469 1255 500 in
1280 467 1417 508 liquidis

971 517 1078 551 Undis
1105 521 1211 550 exstat
1237 516 1422 548 vehiculum

1020 566 1118 606 Quasi
1145 566 1237 598 navis
1257 563 1420 606 perfecta!

971 615 1131 655 Fugiebat
1159 624 1178 646 a
1204 613 1352 655 perfidis,

972 663 1133 696 Deferens
1160 663 1264 696 sancti
1291 663 1439 703 pallium,

973 713 1079 753 Super
1088 713 1193 752 ipsum
1204 718 1295 745 stans
1302 711 1442 744 solidum

1021 763 1117 801 Aqua
1145 768 1220 792 tunc
1245 759 1380 793 refecta.

971 810 1086 842 Aciem
1114 813 1204 841 verte
1230 808 1360 841 luminis

973 859 1027 890 Ad
1053 862 1260 900 peccatorum
1287 857 1491 896 barathrum,

977 907 1027 938 Ne
1056 907 1251 947 immergens
1278 906 1469 946 periculum,

975 955 1085 987 Labae
1112 955 1340 995 praecipitium

202 1010 242 1039 Α,
270 1007 295 1038 Ο
323 1005 452 1045 praesul
481 1004 631 1044 fragrans
660 1004 799 1042 meritis,
1022 1004 1060 1035 In
1087 1003 1184 1043 plebe
1209 1004 1251 1034 sit
1278 1003 1434 1035 subiecta.

271 1054 397 1094 Spretis
425 1053 466 1084 ad
494 1053 623 1092 plenum
652 1052 756 1083 deviis

269 1103 311 1135 Et
339 1102 473 1133 abiectis
501 1101 644 1132 lasciviis

207 592 239 624 5.
268 588 420 621 Laudans
446 587 479 618 in
507 586 614 618 cordis
640 586 740 617 iubilo

269 636 486 670 Decachordo
512 635 669 675 psalterio

316 685 440 718 Melodi
466 684 668 724 symphonia,

269 735 360 766 Haec
387 738 434 764 est
461 733 557 773 plena
585 732 715 763 devotio

271 782 429 814 Gaudiosi
456 781 650 821 praecordio

321 831 502 863 Exsultans
531 830 680 861 melodia.

371 936 415 963 Ad
438 936 625 963 Benedictus.

273 1153 322 1183 Ac
350 1151 520 1181 mundanis
547 1149 711 1181 illecebris
1038 1139 1118 1171 Ρθῐ·
1151 1139 1367 1173 OCtal'am·

323 1200 427 1230 (Tarne
454 1203 647 1235 maceratus,
1070 1214 1117 1242 Ad
1139 1215 1322 1242 Matrnificat.

275 1247 431 1279 Refer-tus
459 1251 567 1278 exstas
594 1247 747 1286 praemiis
1191 1238 1207 1251 ⁰

276 1297 347 1327 lllis
375 1296 506 1327 summis
535 1295 680 1334 collegiis
912 1298 951 1328 A.
978 1295 1004 1328 Ο
1029 1295 1136 1326 lumen
1164 1295 1332 1328 eeclesiae.

279 1345 426 1376 Sociatus
453 1344 613 1375 aethereis
1027 1344 1151 1376 Doctor
1177 1344 1336 1384 veritatis,

280 1393 321 1424 Et
350 1393 474 1423 civibus
502 1392 665 1423 caelicolis
978 1391 1131 1424 Pontifex
1159 1392 1299 1432 egregie,

325 1441 420 1473 Rosis
447 1441 631 1480 laureatus,
1026 1441 1149 1472 Norma
1176 1441 1334 1481 caritatis,

277 1490 380 1521 Nobis
407 1490 488 1521 assis
516 1490 642 1520 miseris
978 1491 1104 1529 Aquam
1129 1490 1309 1530 sapientiae

275 1538 317 1570 Et
346 1547 571 1578 pressurarum
598 1538 725 1579 taediis,
1027 1538 1216 1578 Propinasti
1243 1538 1356 1580 gratis,

276 1587 500 1618 Lacrimarum
529 1585 707 1627 profluviis,
978 1587 1192 1618 Praedicator
1219 1587 1354 1627 gratiae,

324 1635 433 1672 Pater,
462 1636 645 1669 miseratus,
1028 1635 1096 1666 Nos
1123 1636 1219 1675 iunge
1245 1635 1361 1668 beatis.

257 1721 395 1748 Officium
425 1731 478 1748 ms.
509 1724 561 1748 ss.
584 1721 766 1748 Fortunatae
796 1725 824 1748 et
846 1722 993 1749 Gaudiosi
1023 1731 1099 1749 saec.
1133 1721 1176 1749 16.
1199 1722 1270 1749 cod.
1292 1723 1431 1750 Vatican.
1456 1724 1529 1760 Reg.

179 1759 262 1788 1797.
285 1762 319 1787 A.
347 1776 385 1780 —
407 1760 544 1787 Officium
574 1769 595 1786 s.
620 1761 801 1787 Fortunatae
824 1761 858 1787 V.
889 1765 917 1788 et
938 1762 978 1788 M.
1008 1765 1036 1788 et
1066 1771 1088 1789 s.
1111 1762 1256 1789 Gaudiosi
1278 1762 1314 1789 E.
1341 1766 1371 1789 et
1393 1762 1425 1789 C.
1457 1764 1528 1799 imp.

175 1800 303 1835 Neapoli
323 1799 448 1835 (Joseph
471 1798 627 1829 Caecllius)
651 1797 732 1826 1568.
754 1800 789 1826 Β.
812 1815 849 1819 -

253 1840 294 1866 In
326 1838 349 1865 l.
378 1839 485 1874 Vesp.
510 1836 534 1864 A
565 1838 596 1867 l.
628 1838 639 1865 l
667 1838 838 1865 cathedram
860 1840 894 1865 B.
922 1854 959 1858 ·—
984 1838 1007 1867 A
1038 1838 1067 1871 1,
1096 1838 1114 1866 4
1135 1841 1256 1876 Angelis
1279 1841 1313 1867 B.
1334 1856 1371 1859 —
1394 1839 1421 1868 A
1443 1840 1478 1873 4,
1509 1840 1528 1869 2

175 1878 358 1905 salernitani
381 1879 413 1904 Η.
437 1892 471 1896 —-
495 1875 522 1904 A
543 1876 579 1909 4,
602 1876 619 1903 3
642 1881 724 1913 patre
746 1879 781 1904 A.
802 1892 841 1896 —
861 1878 906 1905 Ad
928 1879 1029 1915 Magn.
1055 1877 1068 1906 1
1091 1884 1195 1915 stupor
1217 1884 1245 1906 et
1266 1879 1409 1916 gaudium
1431 1881 1465 1908 A.
1490 1897 1526 1901 --

175 1917 249 1944 Ibid.
279 1918 296 1943 ὕ
326 1917 479 1943 auxilium.
510 1931 544 1934 —
567 1917 643 1943 Ibid.
675 1916 710 1943 lo
732 1917 928 1953 Saginatibus
950 1918 985 1948 Α,
1009 1917 1163 1954 Saginatis
1187 1918 1220 1945 Β.
1252 1933 1287 1937 -
1310 1919 1386 1946 Ibid.
1421 1918 1455 1947 ll
1479 1930 1526 1948 so-

175 1957 284 1984 lacium
307 1955 381 1983 fehlt
402 1956 435 1982 Β.
457 1970 494 1973 -
516 1955 592 1983 Ibid.
618 1954 652 1983 15
674 1956 784 1991 pietate
806 1957 954 1984 viscerum
977 1958 1012 1984 A.
1034 1972 1071 1976 —-
1093 1958 1134 1984 In
1159 1956 1183 1984 l.
1206 1958 1314 1985 Noct.
1338 1957 1363 1985 A
1386 1956 1413 1990 2,
1435 1958 1454 1986 4
1470 1960 1527 1986 Dei

176 1999 290 2022 secreta
312 1994 437 2021 diffudit.
460 2009 497 2013 —
521 1995 546 2021 Λ
568 1994 600 2028 4,
623 1994 641 2021 3
663 1996 813 2022 tete-triam
834 1996 869 2027 A,
891 1997 1064 2023 taeterrima
1085 1997 1119 2023 B.
1141 2012 1178 2016 —
1201 1995 1229 2023 lt*
1259 1996 1291 2027 1,
1313 1996 1330 2024 9
1352 1998 1470 2026 Lucens
1495 2000 1518 2026 Β

176 2050 208 2053 -
232 2032 261 2062 R
282 2032 315 2061 2.
338 2033 355 2060 5
376 2035 490 2060 cunctis
513 2035 546 2061 A.
565 2048 598 2052 —
624 2031 653 2060 R
674 2032 709 2066 2,
731 2033 748 2061 6
771 2037 851 2061 sana
872 2035 906 2062 A.
930 2050 967 2053 -
989 2033 1018 2062 R
1039 2034 1067 2068 3,
1090 2034 1109 2062 4
1131 2036 1349 2073 revulgentiam
1372 2037 1414 2072 A3
1443 2038 1528 2065 redo-

174 2075 297 2101 lentiam
320 2073 352 2100 B.
377 2087 411 2091 —
436 2071 465 2100 R
485 2072 518 2103 4.
546 2071 566 2100 4
585 2073 705 2108 praesul
729 2078 834 2109 postea
856 2075 963 2110 recipit
983 2075 1016 2102 B.
1040 2091 1076 2094 —
1098 2072 1128 2102 R
1149 2074 1184 2108 4,
1210 2075 1228 2102 5
1250 2076 1346 2103 adfuit
1367 2077 1402 2104 A.
1425 2093 1462 2097 —
1486 2078 1528 2105 In

174 2114 200 2140 2.
217 2114 241 2140 Χ
253 2116 320 2140 oct.
341 2110 366 2139 A
390 2110 415 2143 2,
440 2111 452 2138 1
470 2113 578 2139 Pacem
596 2112 703 2139 salutis
721 2113 781 2139 AB.
796 2127 834 2130 ——
850 2111 876 2140 A
892 2111 918 2143 2,
940 2111 958 2140 2
973 2123 1007 2141 ac
1022 2115 1110 2141 statis
1126 2115 1160 2141 A.
1176 2130 1213 2132 —
1231 2113 1257 2142 A
1273 2113 1300 2145 3,
1322 2114 1340 2143 3
1355 2115 1473 2144 Sufficit
1493 2117 1528 2144 A.

176 2167 210 2171 —
235 2150 260 2179 A
282 2150 309 2182 6,
331 2151 349 2178 2²,
374 2150 452 2185 Quid
476 2152 507 2178 B.
529 2165 566 2169 —
591 2149 621 2178 R
644 2150 668 2183 1,
691 2150 709 2178 Β
731 2152 865 2187 Fragaus
887 2153 920 2183 A,
944 2153 1094 2189 Fragrans
1116 2153 1149 2180 B.
1172 2168 1209 2172 —-
1230 2152 1260 2181 R
1281 2152 1308 2189 2,
1335 2153 1349 2182 1
1376 2156 1529 2192 Leprosns

177 2193 208 2219 Β.
238 2208 274 2211 -
297 2188 326 2218 R
347 2188 380 2224 2,
408 2189 427 2217 4
450 2191 554 2226 Fragit
575 2190 616 2225 A;
645 2191 735 2217 vitiat
757 2191 817 2218 AB.
840 2208 876 2211 -
899 2189 928 2218 R
949 2189 983 2225 2,
1013 2191 1030 2219 5
1053 2193 1145 2227 Angit
1169 2194 1220 2220 AB
1252 2210 1287 2213 —
1311 2191 1340 2221 R
1361 2192 1395 2226 3,
1425 2194 1443 2222 5
1466 2197 1529 2223 otio

174 2231 247 2258 fehlt
280 2231 312 2256 B.
353 2245 382 2248 -
418 2227 447 2256 R
479 2227 512 2258 3.
553 2229 570 2256 5
601 2230 725 2257 Munere
763 2229 930 2266 pontificali
962 2232 994 2259 B.
1025 2245 1064 2250 —-
1096 2229 1125 2258 R
1155 2230 1192 2265 3,
1229 2231 1246 2259 7
1277 2233 1441 2261 Mulierum
1478 2244 1529 2262 ne-

175 2270 275 2297 bulam
295 2269 357 2296 AB.
383 2284 419 2287 -—
441 2266 517 2301 R4,
539 2268 557 2296 4
579 2269 658 2296 altus
682 2270 713 2296 H.
731 2284 766 2288 —
788 2267 817 2296 R
838 2268 866 2302 4,
882 2268 900 2297 6
921 2271 952 2297 iu
974 2270 1050 2298 fehlt
1066 2271 1098 2298 B.
1116 2272 1217 2299 —.In
1238 2269 1266 2299 3.
1287 2273 1394 2300 Noct.
1413 2272 1440 2300 A
1458 2272 1490 2307 1,
1511 2272 1530 2302 3

175 2309 327 2346 perfundit
347 2309 381 2335 B.
402 2323 440 2328 —
463 2306 490 2335 A
513 2307 546 2340 1,
575 2307 593 2335 4
615 2306 771 2335 Exsistens
794 2310 827 2335 B.
848 2323 886 2327 —
910 2307 939 2336 R
963 2308 993 2341 1,
1025 2307 1044 2335 3
1065 2309 1266 2338 flammineam
1288 2312 1321 2339 B.
1343 2329 1381 2332 —
1403 2310 1431 2340 R
1456 2312 1488 2344 1,
1510 2312 1531 2341 4

175 2350 280 2376 mentis
304 2348 335 2375 Β.
366 2362 402 2366 -
423 2345 451 2374 R
473 2346 500 2379 4,
522 2346 540 2374 6
562 2347 694 2375 rever-ale
719 2349 749 2374 Β.
774 2363 807 2366 -
831 2345 860 2375 R
881 2346 908 2380 3,
930 2346 949 2375 2
969 2348 1115 2376 fundebat
1135 2350 1168 2377 B.
1194 2364 1228 2368 ——
1244 2347 1274 2377 R
1293 2348 1321 2383 3,
1343 2350 1361 2379 5
1384 2352 1529 2388 pestifera

175 2390 263 2416 15—
289 2385 318 2414 R
337 2385 373 2421 4,
395 2384 413 2413 2
436 2387 611 2414 Exinanitu.
634 2400 670 2405 —
692 2387 732 2414 In
760 2387 875 2415 Laud.
897 2386 925 2414 A
948 2386 979 2420 1,
1001 2386 1020 2415 4
1042 2388 1126 2415 Intra
1146 2389 1207 2416 AB.
1229 2404 1266 2408 —
1288 2389 1315 2417 A
1339 2390 1374 2423 1,
1397 2390 1415 2419 5
1437 2391 1475 2420 Se
1498 2396 1531 2420 ut

176 2427 283 2455 salutis
305 2427 366 2453 AB.
398 2440 437 2445 -
458 2424 485 2453 A
513 2424 546 2457 2,
579 2425 592 2453 1
616 2426 675 2453 Hic
701 2430 823 2454 cunctos
852 2426 889 2453 ad
910 2427 945 2454 B.
972 2442 1011 2446 —
1033 2425 1060 2454 A
1083 2426 1117 2456 3.
1146 2426 1164 2455 5
1185 2430 1317 2456 muneris
1340 2430 1415 2458 fehlt
1438 2431 1470 2459 B.
1493 2446 1531 2451 —

175 2466 200 2494 A
216 2467 243 2498 5,
265 2465 283 2494 3
304 2465 444 2493 Melodis,
470 2481 507 2485 —
529 2465 574 2492 Ad
590 2466 661 2493 Ben.
684 2464 708 2493 A
726 2464 744 2492 6
766 2466 902 2493 Refertus
923 2466 957 2493 B.
972 2481 1010 2484 —
1031 2467 1107 2494 Ibid.
1128 2465 1146 2495 8
1168 2468 1308 2496 Sociatus
1330 2473 1360 2497 et
1380 2469 1482 2499 herois
1497 2472 1531 2498 B.

173 2521 209 2526 —
232 2505 309 2534 Ibid.
343 2503 377 2533 10
398 2505 542 2533 Μαι-θεῆς
564 2505 597 2532 Α.
621 2521 658 2524 -
687 2505 755 2532 ΙΙιίᾱ
780 2503 813 2532 11
837 2507 911 2532 assit
932 2506 967 2532 A.
989 2520 1027 2524 —
1049 2506 1089 2533 In
1121 2504 1147 2533 2.
1176 2507 1286 2544 Vesp.
1309 2509 1354 2536 Ad
1377 2510 1477 2547 Magn.
1503 2510 1529 2539 A
