1650 2727
178 264 210 295 5.

170 488 209 522 R.

173 879 213 910 V.

225 2385 232 2392 .
261 2358 297 2390 lu
324 2357 481 2389 malorum
506 2357 641 2389 consilio

688 179 735 186 *-
786 160 833 196 66
884 179 930 185 -

240 261 356 294 Obitus
383 261 433 293 sui
459 260 638 302 praescius,
883 261 916 294 2.

242 311 447 351 Cognoscens
474 310 570 343 finem
598 310 783 349 humanum,

241 359 411 392 Gloriosus
438 359 595 392 Evurtius

240 408 432 441 Pronuntiat
458 408 632 441 Anianum.

238 487 322 520 Dum
351 485 493 518 refertur
884 492 904 522 3

289 540 420 569 sanctus
447 536 488 567 ad
515 535 659 575 propria,

240 585 294 617 Fit
321 589 498 625 tempestas

291 637 321 666 et
349 633 482 673 grandis
509 632 619 672 pluvia

243 682 439 714 Providente

291 731 351 763 Dei
380 729 560 771 clementia,

245 780 289 813 Ut
316 783 444 819 pateret

290 828 379 860 beati
406 827 528 868 gloriaz,
889 830 905 862 1

242 877 307 910 Sed
334 886 396 908 non
424 876 527 916 tangit

294 925 406 966 pluvia
433 923 558 956 baiulos

244 974 312 1006 Nec
340 983 411 1005 cum
439 973 484 1004 eis

294 1026 406 1055 euntes
435 1020 584 1062 populos,

341 1117 386 1144 Ad
407 1116 590 1153 Magnificat.

245 1186 432 1229 Magnificat
460 1185 626 1218 miraculis

249 1236 419 1269 Evurtium
449 1234 612 1267 divinitas.

252 1289 367 1317 t‘oram
395 1285 535 1315 omnium
563 1282 664 1313 oculis

251 1335 455 1366 Monstratur
481 1333 548 1363 eius
577 1331 743 1367 sanctitas,

252 1382 345 1415 Grati
373 1382 480 1412 vultus
506 1381 663 1411 serenitas
891 1400 911 1431 2

252 1431 294 1463 Et
322 1430 469 1469 perfecta
497 1428 671 1465 humilitas,¹

254 1479 368 1511 t'arnis
397 1479 464 1509 eius
491 1477 672 1517 integritas,

257 1527 445 1560 Intellectus
472 1526 642 1565 sagacitas,

252 1576 366 1609 Tantis
391 1576 516 1615 gratiae
542 1574 645 1605 titulis

254 1629 402 1666 Apparet
429 1624 515 1656 vitae
542 1622 673 1654 veritas.

297 1763 358 1794 Act
385 1759 652 1792 Matutinum.

370 1838 589 1865 Invitatorium.
888 1835 914 1868 V

256 1917 433 1955 (hristum,
444 1925 601 1948 summum
614 1925 723 1957 regum
735 1922 854 1957 regem,

302 1966 486 1998 Adoremus
513 1965 702 2006 propitium,
898 1965 930 1997 3.

258 2016 319 2054 Qui
345 2014 559 2046 Aurelianum
586 2023 715 2055 gregem

306 2063 473 2096 Gubernat
501 2071 560 2103 per
586 2062 769 2095 Evurtium.

301 2202 345 2232 ln
374 2200 406 2232 1.
433 2199 668 2232 Nocturno.

381 2277 581 2314 Antiphonae.

895 2354 934 2387 V.

309 2406 465 2440 Evurtius
491 2415 553 2438 non
581 2405 672 2447 abiit,

263 2456 328 2489 Sed
356 2464 427 2487 cum
454 2455 516 2488 Dei
541 2455 663 2488 auxilio

312 2504 470 2538 Mundum
497 2505 658 2538 transiens
684 2504 776 2539 obiit.

943 259 1155 292 peccatorum
1183 256 1313 290 vincula

989 307 1136 340 Fortiter
1161 313 1359 346 rumpamus,

942 356 986 390 Ut
1013 355 1118 388 sancti
1145 355 1215 387 sine
1241 353 1368 386 macula

991 405 1070 438 Cum
1096 404 1248 444 praesule
1275 402 1432 436 vivamus.

910 514 916 520 .
943 487 1120 528 Susceptor
1146 486 1276 518 Evurtii

994 537 1070 569 Fuit
1095 539 1243 567 servator
1270 535 1373 572 Iesus⁷

943 586 1003 625 Qui
1029 584 1148 616 nullius
1174 583 1244 615 vitii

994 634 1077 666 Esse
1101 633 1222 673 legitur
1247 632 1367 664 laesus.

1062 749 1273 784 Responsoria.

913 853 921 861 .
946 828 1106 861 Mundum
1134 837 1253 860 vocans

997 878 1039 909 ad
1067 877 1128 910 Dei
1154 876 1292 917 gratiam

947 925 1023 958 Exit
1052 927 1164 964 Roma,

996 975 1115 1006 transit
1141 973 1182 1005 ad
1209 970 1369 1013 Africam,

948 1022 1056 1055 Semet
1084 1031 1199 1063 regens

999 1081 1058 1112 per
1083 1070 1299 1112 ignorantiam

950 1120 1168 1153 Plurimorum

998 1170 1092 1209 pellit
1118 1167 1296 1199 tristitiam.

914 1242 921 1249 .
949 1218 1013 1250 Per
1038 1218 1100 1249 Dei
1127 1214 1368 1257 providentiam

948 1266 1150 1299 Sublimatur

999 1316 1042 1348 ad
1069 1313 1334 1356 praesidentiam.

918 1423 924 1429 .
953 1399 989 1430 Iu
1017 1396 1184 1429 columbae
1211 1396 1320 1437 specie

1001 1447 1154 1479 Sanctum
1185 1444 1303 1476 flamen
1331 1443 1498 1484 apparuit,

953 1496 1068 1527 coram
1095 1494 1236 1535 plurium
1265 1492 1348 1525 facie

1000 1543 1197 1576 Miraculum
1224 1543 1285 1574 hoc
1312 1541 1440 1579 claruit,

955 1593 996 1624 Et
1024 1603 1087 1624 vox
1113 1601 1230 1632 magna
1257 1590 1401 1623 laetitiae

1002 1642 1039 1673 ln
1066 1640 1186 1681 populo
1214 1639 1401 1680 personuit:

955 1690 1018 1721 Hic
1045 1694 1093 1721 est
1120 1700 1139 1720 a
1165 1689 1236 1721 Deo
1264 1688 1414 1728 dilectus,

956 1738 1018 1771 Hic
1044 1738 1176 1779 praesul
1203 1742 1314 1770 noster
1340 1737 1473 1769 electus.

1003 1787 1094 1820 Sicut
1120 1786 1270 1818 columba
1297 1785 1419 1819 docuit.

919 1862 926 1868 .
954 1836 1039 1868 Dum
1066 1836 1201 1868 recessit
1228 1838 1341 1868 sancta
1366 1835 1449 1873 avis,

956 1885 1129 1918 Exclamat
1156 1885 1274 1917 devota
1300 1884 1380 1918 ovis,

958 1964 1062 1997 Datus
1090 1963 1210 1996 mundo

1009 2024 1069 2054 pro
1096 2013 1206 2044 mundi
1235 2010 1351 2053 gloria,

962 2062 1087 2102 Dignus
1114 2061 1222 2102 laude⁷

1011 2111 1126 2152 dignus
1150 2110 1316 2150 memoria,

960 2161 1027 2192 lam
1057 2161 1096 2192 de
1123 2159 1226 2191 hostis

1011 2209 1132 2249 gaudet
1159 2207 1305 2247 victoria,

963 2257 1057 2290 Plebi
1081 2266 1159 2290 suae

1013 2306 1069 2338 dat
1095 2306 1270 2339 adiutoria.

963 2355 1060 2388 Cuius
1087 2355 1190 2387 virtus

1018 2410 1067 2437 est
1092 2409 1159 2437 tam
1185 2404 1324 2444 notoria,

966 2453 1187 2486 Daemonibus

1015 2506 1122 2536 exstat
1148 2504 1323 2537 contraria.
