1650 2727
716 155 985 190 -151—

201 250 240 285 V.
270 251 336 284 Per
360 259 488 284 crucem
516 251 655 284 credens
679 252 792 285 vivere

322 300 469 334 Psalmos
477 299 552 332 huic
561 300 674 333 dulces
682 302 835 343 concinit,

370 349 471 389 Quam
487 352 634 382 tractans
651 359 748 382 manu
767 350 882 392 tangit.

212 459 246 492 3.
279 457 398 490 Vivens
425 452 490 501 [in]
518 456 598 488 caeli
627 456 747 497 gaudio

274 506 377 539 Lucia
403 514 472 536 curn
500 505 647 546 tripudio

324 555 404 588 Cum
433 553 564 588 Christo
591 554 801 593 iucundatur‚

269 604 490 645 Splendorem
518 603 600 635 dans
628 602 751 643 palatio

275 653 348 686 Lux
375 653 473 691 lucet,
502 652 592 684 cuius
618 651 713 685 radio

323 701 467 734 Mundus
493 700 714 742 illuminatur;

184 751 241 788 ¹V.
277 750 381 784 Cursu
407 749 530 782 laboris
558 749 692 791 praevio

271 799 405 833 Sursum
433 797 522 831 felici
548 798 662 831 bravio

319 849 446 882 Frueris
475 848 659 880 deliciatur.

298 1006 346 1038 In
383 1007 415 1039 3.
454 1004 694 1037 Nocturno.

395 1091 597 1127 Antiphonae.

211 1201 242 1235 1.
272 1202 408 1235 Crucem
438 1201 578 1242 diligens
604 1201 722 1241 iugiter

323 1249 423 1284 Cordi
450 1259 508 1282 suo
534 1249 661 1290 adfixit,

268 1299 370 1340 Quam
399 1299 495 1331 dulce
520 1300 649 1340 pondus
673 1298 818 1330 suaviter

320 1348 403 1381 Eam
432 1348 565 1381 laedens
592 1346 732 1382 adflixit.

209 1457 241 1489 2.
269 1455 319 1488 De
347 1460 444 1496 petra
470 1456 573 1488 trahit
598 1456 704 1488 oleum

317 1505 362 1537 Et
389 1504 430 1538 de
456 1514 531 1537 rosa
557 1505 702 1546 odorem,

268 1554 318 1586 De
346 1558 432 1586 testa
459 1554 565 1586 crucis
592 1553 729 1586 rubeum

317 1603 363 1636 Et
389 1603 451 1635 lilii
479 1603 665 1636 candorem.

203 1712 235 1745 3.
267 1712 369 1752 Virgo
396 1710 497 1744 Lucia
525 1714 669 1743 macerat

315 1760 442 1802 Corpus
467 1769 503 1792 se
527 1759 739 1801 flagellando,

265 1809 320 1843 Sic
346 1811 388 1842 ad
417 1809 591 1842 caelestem
620 1814 778 1850 properat

314 1859 446 1892 Curiam
475 1858 682 1891 exsultando.

381 1988 596 2024 Responsoria.

206 2068 236 2102 1.
266 2067 381 2102 Carnis
408 2068 500 2110 virgo

310 2126 469 2159 spernens
498 2118 632 2151 delicias

259 2167 357 2200 Metit
383 2177 531 2210 granum,

311 2216 435 2250 excutit
460 2217 584 2260 paleas,

261 2265 352 2299 Caeli
379 2266 484 2300 solum

308 2320 420 2358 captat
446 2315 592 2358 divitias,

257 2364 327 2398 Deo
353 2365 462 2399 laudis

309 2415 406 2449 offert
432 2414 616 2457 primitias3

190 2464 230 2501 V.
257 2464 359 2507 Virgo
386 2465 525 2498 virtutes
552 2465 660 2497 varias

260 2513 389 2557 Sponso
414 2517 528 2555 portat
551 2513 595 2546 ad
622 2512 768 2553 nuptias,

905 254 938 286 2.
966 252 1017 286 De
1042 253 1247 294 paupertatis
1274 253 1392 285 horreo

1012 301 1096 334 Dum
1117 301 1229 332 studet
1256 303 1380 341 spicam
1402 302 1525 334 vellere

973 349 1082 391 Virgo,
1110 359 1168 381 suo
1195 359 1354 390 corporeo

1015 398 1101 430 Dum
1129 399 1309 438 castigatur
1334 398 1482 441 verbere,

970 446 1025 478 Fit
1052 447 1157 488 panis,
1185 457 1279 486 quem
1307 446 1401 478 offert
1428 447 1499 480 Deo

1021 496 1086 528 Pro
1113 496 1163 527 sui
1190 495 1316 528 fructus
1344 505 1496 537 munere;

898 545 937 578 V.
970 544 1025 578 Sic
1049 553 1109 585 pro
1137 553 1222 584 pane
1249 545 1389 583 cinereo,

1017 594 1116 633 Quem
1145 592 1222 625 fletu
1247 594 1330 633 rigat
1358 593 1468 635 ubere,

970 643 1058 675 Pane
1086 641 1214 674 cibatur
1239 642 1366 678 melleo,

1015 691 1106 732 Quod
1118 696 1168 723 est
1178 700 1249 723 cum
1261 691 1393 726 Christo
1404 692 1524 726 vivere.

905 790 936 823 3.
966 789 1060 821 Felix
1088 789 1190 829 virgo,
1218 799 1300 830 quae
1328 790 1462 822 laetaris

1015 838 1143 871 Gaudio
1170 839 1330 878 polorum,

965 888 1054 927 Quae
1079 896 1149 919 cum
1178 897 1257 928 pace
1285 889 1347 920 iam
1376 888 1496 921 cibaris

1016 938 1104 970 Pane
1131 937 1330 979 angelorum,

968 986 1178 1025 Quaesumus,
1207 986 1427 1018 reminiscaris
1474 1010 1480 1017 ,

1018 1035 1209 1075 Supplicum
1236 1039 1376 1075 tuorum,

898 1083 938 1117 V.
966 1084 1035 1116 lam
1064 1093 1183 1115 corona
1210 1084 1366 1124 puellaris

969 1132 1045 1166 Tibi
1073 1131 1170 1164 datur
1197 1143 1257 1173 pro
1284 1133 1403 1165 amaris

1020 1182 1112 1214 Vitae
1139 1183 1340 1214 meritorum.

1037 1371 1083 1402 In
1123 1368 1363 1402 Laudibus,

1100 1465 1302 1501 Antiphonae.

908 1576 934 1607 l.
963 1574 1083 1607 Sancta
1112 1574 1213 1606 Lucia
1236 1574 1387 1615 gaudeat,

1012 1624 1130 1657 Clioris
1152 1621 1353 1667 [con]iuncta
1363 1624 1522 1664 virginum

1062 1672 1185 1715 Habet,
1214 1683 1307 1714 quem
1336 1674 1522 1715 adamavit3

961 1722 998 1755 Iu
1027 1722 1119 1755 caelo
1146 1723 1293 1764 gaudens
1321 1722 1446 1759 floreat,

1013 1773 1052 1805 In
1077 1781 1140 1813 quo
1163 1773 1249 1804 lucet
1275 1774 1329 1804 lux
1350 1772 1522 1814 luminum,

1063 1822 1133 1861 Qua
1165 1821 1324 1854 Dominus
1360 1823 1521 1862 regnavit.

901 1920 933 1954 2.
961 1921 1075 1960 Agnus
1103 1924 1197 1952 vocat
1225 1921 1267 1952 ad
1295 1920 1436 1962 nuptias,

963 1969 1087 2002 Invitat
1115 1969 1156 2001 ad
1186 1969 1322 2002 delicias

1016 2019 1149 2051 Luciam
1179 2020 1341 2057 castitate,

964 2068 1036 2101 Non
1065 2069 1193 2110 quaerit
1222 2069 1302 2101 haec
1329 2069 1495 2112 induciat-3,

963 2117 1029 2151 Sed
1056 2118 1182 2160 spernit
1211 2129 1284 2151 mox
1314 2118 1449 2150 divitias

1012 2168 1076 2200 Pro
1104 2167 1184 2205 Deo,
1214 2169 1359 2201 iubilate.

901 2267 932 2299 3.
960 2266 1052 2298 Haec
1078 2267 1109 2299 in
1138 2270 1170 2298 te
1197 2270 1267 2299 tota
1294 2267 1420 2307 sitiens,

960 2315 987 2349 O
1014 2320 1049 2348 tu
1077 2315 1149 2348 fons
1176 2316 1378 2354 indeficiens,

1010 2365 1111 2404 Deus,
1139 2366 1181 2397 ad
1210 2370 1241 2397 te
1270 2367 1310 2397 de
1338 2365 1410 2397 luce

962 2414 1129 2455 Vigilavit,
1157 2424 1253 2455 quern
1283 2414 1423 2455 diligens

960 2463 1198 2505 Frequentavit
1223 2474 1285 2496 non
1314 2463 1502 2505 neglegens,

1009 2513 1215 2555 Amplexans
1242 2518 1274 2545 te
1300 2513 1333 2545 in
1361 2521 1468 2546 cruce.
