1650 2727
703 191 944 227 ,35‘

165 291 199 323 5.
227 289 398 323 Laudetur
422 292 536 322 sancta
561 289 702 330 trinitas,
867 292 900 324 6.
926 290 1163 323 Benedicamus
1190 290 1330 324 Domino

225 335 342 384 [Vera]
370 338 557 380 aeternitaS,
926 339 1035 380 Atque
1060 340 1130 381 regi
1156 343 1233 372 nato

222 387 262 420 In
288 395 358 420 esse
383 387 503 421 unitas.
926 388 1004 420 Cum
1033 388 1188 429 tripudio.

228 474 314 503 Cant.
340 483 394 502 ms.
422 473 668 502 Kirchheimense
696 483 774 502 saec.
804 473 850 503 16.
881 478 954 503 Coti.
983 475 1168 512 Maihingen.
1199 476 1227 503 11
1260 473 1287 503 2.
1319 473 1358 503 80
1390 474 1433 503 13.
1463 491 1498 495 —

150 513 235 542 Nach
257 514 315 542 Str.
349 511 368 542 3
394 513 470 550 folgt
493 514 543 541 ein
564 514 640 540 Vers
668 522 723 541 aus
747 513 813 541 dem
839 515 935 542 Liede
956 514 1033 541 Puer
1055 519 1143 542 natus
1173 516 1203 542 in
1226 514 1418 548 Bethlehem,
1448 516 1501 544 der

149 552 234 581 nicht
255 553 376 581 hierher
395 552 517 588 gehbrt3
539 561 594 580 vor
608 552 666 580 Str.
688 552 708 580 4
729 553 809 581 steht
826 552 967 589 „Aliud“;
990 553 1256 590 augenscheinlich
1278 554 1410 590 geh61·eu
1429 556 1501 583 aber

149 592 231 620 dieue
253 591 402 629 Strophen
430 600 611 620 zusammen.
653 592 738 620 Nach
763 592 848 628 jeder
871 593 999 629 strophe
1027 592 1103 629 folgt
1123 593 1215 621 deren
1236 594 1380 622 deutsche
1405 589 1498 632 ssher-

149 635 288 669 setzung,
318 632 372 659 frei
398 630 464 658 dem
487 631 580 659 Sinne
608 631 668 659 und
698 632 752 659 frei
781 632 846 660 dem
869 632 996 660 Mettum
1029 632 1113 660 uach.
1156 633 1195 660 So
1219 633 1313 661 lautet
1334 633 1382 661 die
1407 634 1501 662 Uber-

148 674 279 708 tragung
299 679 359 699 v⁰¹¹
381 670 440 698 Str·
460 667 495 697 δῖ
614 690 674 718 Μὶι·
696 690 785 717 loben
808 690 861 717 das
885 691 1038 719 kindelein

610 731 665 757 mit
685 729 815 757 reichem
840 730 938 762 seban,

611 770 667 796 mir
689 768 934 798 klosterfrauwen
956 771 1006 798 all.

546 932 595 964 34.
637 933 671 964 ln
693 933 937 965 Circumcisione
962 933 1094 966 Domini.

164 1035 194 1069 1.
223 1033 335 1066 Novus
362 1044 476 1073 annus,
505 1035 575 1067 dies
601 1044 737 1076 magnus
867 1037 899 1070 2.
927 1036 1039 1068 Omnis
1068 1036 1162 1068 homo
1189 1046 1282 1070 sacra
1310 1039 1405 1070 domo

268 1083 361 1116 Assit
386 1084 418 1116 in
446 1084 582 1124 laetitia,
977 1087 1162 1126 Propagate
1190 1085 1331 1120 Domini.

220 1131 292 1165 Lux
319 1136 452 1166 aeterna
481 1133 522 1165 de
549 1141 690 1173 superna
930 1134 1128 1167 Consecrate
1155 1136 1205 1167 vel
1233 1137 1359 1176 signate

269 1181 365 1213 Venit
391 1181 433 1214 ad
460 1191 518 1214 nos
544 1183 644 1222 regia,
976 1184 1040 1216 Suo
1065 1188 1178 1217 sancto
1205 1186 1338 1222 nomini,

221 1229 357 1270 Culpam
383 1239 502 1264 saevae
529 1232 641 1263 matris
668 1231 758 1264 Evae
927 1231 1102 1266 Gratulare
1130 1238 1162 1266 et
1188 1234 1322 1273 laetare,

269 1279 346 1313 Sola
373 1279 462 1312 delet
487 1281 604 1321 gratia.
977 1282 1071 1315 Salus
1100 1283 1197 1315 datur
1224 1283 1356 1316 homini.

147 1376 202 1410 R⁰
220 1378 303 1417 Quia
329 1378 376 1410 sic
403 1379 530 1420 genitor
853 1378 906 1413 R⁰
923 1382 1007 1421 Quia
1033 1382 1079 1413 sic
1107 1382 1234 1421 genitor

268 1427 414 1468 paradisi
441 1428 558 1469 Adam,
975 1430 1125 1463 paradisi
1151 1431 1270 1471 Adam,

221 1476 447 1517 Protoplasma
472 1486 575 1515 suum,
926 1480 1155 1519 Protoplasiua
1183 1490 1285 1519 suum,

267 1526 355 1558 vexit
382 1525 425 1558 ad
451 1527 590 1568 pam'am
976 1529 1065 1560 vexit,
1091 1530 1132 1561 ad
1160 1531 1299 1569 patriam

218 1574 332 1607 Crucis
359 1575 522 1616 supplicio
924 1577 1038 1610 Crucis
1066 1579 1227 1619 supplicio

262 1624 447 1664 reparando
474 1624 570 1658 viam.
971 1628 1156 1668 reparando
1185 1629 1279 1664 viam.

510 1726 542 1759 3,
572 1723 626 1755 Ad
653 1723 734 1756 haee
761 1722 855 1767 festa,
885 1724 1026 1764 Christe,
1055 1731 1188 1766 praesta

618 1772 743 1805 Cuncta
770 1774 862 1805 nobis
891 1783 1061 1814 prospera,

568 1822 629 1862 Qui
656 1821 818 1863 gubernas
844 1832 896 1855 res
923 1833 1081 1864 supernas

619 1871 697 1904 Iura
723 1876 837 1904 tenens
865 1874 983 1910 omnia,

569 1921 669 1954 Istum
700 1921 836 1954 chorum
865 1922 1057 1955 ciericorum

619 1970 689 2003 Tua
717 1971 822 2004 salvet
847 1972 995 2005 dextera.

482 2070 536 2104 R⁰
564 2070 646 2110 Quia
672 2070 720 2103 sic
746 2071 875 2112 genitor

614 2120 763 2161 paradisi
790 2121 910 2160 Adam,

566 2169 794 2211 protoplasma
820 2180 926 2211 suum,

616 2220 704 2252 vexit
731 2219 774 2253 ad
803 2222 943 2261 patriam

567 2268 682 2301 Crucis
709 2269 872 2310 supplicio

615 2318 802 2359 reparando
829 2319 925 2352 viam.

220 2406 310 2443 Trop.
325 2415 382 2435 ms.
397 2405 595 2434 Martialense
611 2414 688 2434 saeC.
708 2404 751 2433 12.
767 2403 827 2441 [13.
846 2405 910 2444 14.].
935 2408 1006 2437 Cod.
1024 2408 1152 2436 Parisin.
1173 2408 1256 2437 11:59.
1272 2424 1309 2428 —-
1326 2409 1495 2440 Clwvalier,

138 2445 346 2474 Prosoiarium
374 2445 537 2474 Aniciense
563 2444 655 2479 (saec.
684 2443 729 2473 16.
756 2448 815 2481 ex.)
844 2456 872 2482 p.
903 2446 946 2476 19.
977 2449 1009 2475 Β.
1033 2465 1069 2469 —
1093 2447 1126 2481 1,
1154 2446 1172 2477 6
1193 2449 1273 2485 Epla
1300 2449 1377 2477 delet
1400 2450 1434 2476 A.
1459 2464 1493 2468 —

139 2483 173 2520 2,
202 2484 221 2514 2
241 2485 415 2523 Propagata
435 2485 470 2514 B.
494 2500 532 2505 —
554 2484 582 2519 2,
607 2483 625 2513 3
647 2485 798 2513 Consecra
822 2489 851 2514 te
873 2491 902 2515 et
924 2490 1042 2525 signate
1064 2489 1096 2516 B.
1120 2503 1156 2508 —
1179 2487 1206 2521 3,
1229 2487 1247 2515 2
1270 2489 1364 2516 Nobis
1387 2494 1494 2517 cuncta

138 2526 174 2554 Β.
195 2541 234 2547 -
256 2523 283 2561 3,
305 2523 324 2554 3
345 2526 382 2554 de
403 2533 533 2561 superna
555 2526 590 2553 A.
613 2539 650 2544 —
672 2523 700 2558 3,
723 2524 743 2552 4
764 2527 869 2554 tenens
891 2527 993 2556 infima
1015 2529 1048 2555 Β.
1071 2543 1109 2548 —-
1131 2528 1158 2560 3,
1181 2527 1198 2556 5
1221 2529 1349 2556 Laetum
1370 2527 1494 2556 chorum

138 2565 173 2594 B.
194 2581 232 2586 —
254 2565 290 2594 In
310 2565 335 2594 Β
357 2565 404 2594 als
425 2565 592 2593 conductus
614 2564 796 2593 bezeichnet.

1270 2617 1288 2646 3
1299 2616 1312 2631 *
