1650 2727
721 116 989 153 —151—

208 209 293 244 loa.
322 211 495 246 Resuscita
523 213 715 255 depressum
867 216 911 250 10
923 217 952 250 b.
981 218 1034 250 Ab
1062 219 1208 252 hostibus
1236 220 1386 261 defende,

318 260 364 294 Et
389 260 502 293 obtine
527 262 709 304 ingressum
982 267 1074 299 Pium
1102 272 1210 301 natum
1239 271 1373 302 ostende

367 309 464 342 Pacis
491 309 647 355 infinitae,
1030 316 1109 348 Post
1145 317 1228 349 hunc
1259 318 1354 350 finem
1383 319 1477 351 vitae.

251 404 327 433 Piae
349 404 513 434 Cantiones
535 407 772 437 Ecclesiasticae
795 406 870 437 1582
891 410 941 437 ful.
965 410 992 436 D
1015 409 1031 437 7
1053 420 1079 438 a
1094 410 1277 449 (Klemming
1300 415 1343 445 ΙΙ
1370 413 1408 441 49
1431 416 1459 442 ff
1482 415 1526 441 als

173 443 243 479 „yH
245 441 345 472 mnus‘
347 442 377 474 ‘.)
410 460 448 464 -—
480 445 544 472 Auf
572 447 710 476 (hristus
742 448 970 484 umgeandertes
1002 449 1043 476 M
1046 451 1191 478 irunlied
1223 466 1260 470 —
1291 452 1323 485 ὀ,
1357 453 1374 479 3
1412 454 1498 482 Chii
1493 458 1529 481 te

170 490 251 510 rosa.
275 497 309 502 —
333 480 397 516 3b‚
426 482 445 512 3
467 483 581 513 Doctor
602 495 728 515 morum.
751 503 786 507 —
810 486 871 520 4a,
896 486 907 514 1
931 489 1035 515 Gaude
1058 489 1144 516 Chri
1140 494 1175 517 te
1198 491 1353 519 inhabili:
1375 507 1413 510 —-
1434 492 1487 522 61)
1510 492 1528 519 4

170 522 263 550 Pater
284 523 518 551 misericordiae.
545 540 573 542 —
602 523 660 558 7b,
689 524 707 554 3
729 527 828 554 Caste.
850 541 887 544 —
913 525 969 555 7h
997 527 1015 553 4
1036 528 1187 555 dsmines
1177 538 1270 563 ‚qt-gen
1295 531 1351 558 den
1374 532 1467 558 Reim.
1491 546 1526 550 —

170 559 284 594 10b,1
308 561 368 588 und
391 559 409 588 2
430 571 534 598 umges
522 563 612 591 tellt
637 580 671 583 —
700 562 771 597 lob,
794 564 812 592 2
834 566 920 593 Pium
944 570 1087 602 pimeni(
1081 569 1212 596 osteule.

629 717 691 749 182.
734 718 776 750 De
802 720 896 750 beata
920 720 1019 751 Maria
1043 721 1076 751 V.

209 814 239 846 1.
267 814 370 854 Virgo
396 818 501 847 mater
527 815 675 855 piissima
920 819 951 851 2.
982 818 1157 850 Praecellit
1185 828 1258 851 rosa
1285 820 1388 851 lilium

320 862 519 896 Cunctorum
546 865 768 905 plasmatoris,
1029 867 1179 899 Candore
1207 869 1370 909 puritatis⁷

268 913 318 945 Tu
345 912 424 944 mihi
453 913 498 945 sis
526 914 708 946 certissima
979 917 1079 956 Virgo
1106 916 1220 949 adorat
1251 916 1361 955 filium,

317 961 484 994 Salvatrix
511 964 706 1003 peccatoris,
1025 967 1124 1005 Quem
1154 965 1251 1006 parit,
1281 966 1459 1001 castitatis;

316 1011 368 1045 Sis
395 1011 544 1044 omnibus
572 1014 605 1044 in
633 1012 722 1044 horis
1026 1015 1117 1046 Haec
1145 1016 1235 1046 sidus
1263 1016 1434 1057 claritatis,

266 1060 314 1092 Te
342 1060 443 1092 corde
470 1058 687 1101 flagitantium
979 1063 1070 1094 Haec
1096 1063 1244 1095 balsamo
1271 1064 1411 1101 suavior,

265 1109 308 1141 Et
336 1118 392 1141 ore
421 1109 676 1142 collaudantium
979 1113 1065 1151 Sole,
1096 1112 1171 1144 luna
1199 1113 1405 1155 splendidior

315 1158 524 1199 Stipendium
552 1158 685 1192 laboris.
1028 1161 1174 1193 Feri-ore
1201 1163 1358 1196 caritatis

535 1260 565 1290 3.
598 1258 760 1290 Virtutum
789 1257 848 1291 flos
875 1262 907 1290 et
933 1259 1058 1301 gratiae

644 1308 752 1339 Aures
778 1308 820 1340 ad
846 1318 906 1340 nos
932 1309 1065 1346 inclina,

597 1356 730 1390 Placata
757 1358 861 1397 patris
890 1356 975 1390 facie

639 1406 843 1439 Charismata
871 1409 1021 1449 propina,

641 1455 708 1488 Nos
735 1466 754 1487 a
780 1456 893 1488 mundi
918 1456 1047 1489 sentina

594 1504 741 1537 Celerius
767 1505 888 1546 eripias

594 1554 637 1586 Et
663 1558 771 1586 tecum
796 1564 856 1587 nos
882 1555 1050 1588 custodias

643 1603 679 1635 In
706 1603 832 1636 unitate
857 1604 954 1638 trina.

243 1701 316 1728 Piae
339 1699 502 1728 Cantiones
527 1698 602 1729 1582
623 1701 674 1728 fol.
696 1702 710 1729 I
733 1699 752 1728 2
774 1701 800 1728 b.
822 1701 1008 1738 (Klemming
1030 1702 1078 1734 11,
1108 1700 1145 1729 59
1167 1702 1212 1729 als
1237 1700 1469 1737 v,Hymnus‘nj
1490 1717 1527 1720 —

163 1740 388 1777 Umarbeitung
423 1742 506 1768 eines
537 1741 753 1769 Marienliedes
787 1742 843 1769 auf
875 1741 1023 1769 Christus.
1058 1757 1094 1760 —
1132 1740 1161 1773 1,
1201 1741 1211 1769 l
1246 1741 1271 1768 Ο
1304 1742 1439 1775 Christe,
1477 1751 1527 1769 rex

162 1780 310 1817 piissime.
337 1794 373 1799 —
403 1778 434 1813 1,
465 1777 484 1808 ἶ.)
512 1781 739 1816 plasmatorum.
770 1795 807 1799 —
839 1780 869 1813 1,
897 1779 915 1809 3
936 1782 982 1809 Τιι
1012 1781 1100 1809 nobis
1128 1782 1169 1808 sis
1191 1782 1366 1809 certissime.
1390 1797 1426 1801 —
1452 1781 1481 1815 1,
1508 1781 1526 1809 4

162 1819 306 1848 Solamen
328 1824 527 1856 peccatorum.

621 1935 682 1967 183.
727 1936 769 1967 De
790 1935 889 1968 beata
912 1935 1014 1967 Maria
1034 1935 1071 1965 V.

174 2036 207 2068 1.
237 2034 346 2075 Salve,
367 2033 428 2067 flos
454 2039 487 2067 et
515 2034 614 2066 decus
641 2033 812 2075 ecclesiae,
876 2035 908 2066 2.
938 2034 1029 2066 Haec
1056 2034 1162 2074 adest,
1191 2033 1244 2065 ubi
1273 2034 1490 2075 periclitatur,

288 2083 428 2128 [Lumen
456 2084 552 2116 huius
579 2083 652 2117 viae
989 2083 1076 2116 Vere
1103 2087 1310 2124 nuncupatur

335 2134 390 2167 Ad
418 2137 451 2166 te
478 2133 623 2166 clamans
650 2129 758 2176 sitio];
1036 2133 1153 2165 Portus
1180 2132 1422 2174 navigantium3

236 2183 285 2216 Te
310 2182 456 2216 fatentur
482 2192 597 2216 sacrae
618 2181 815 2224 prophetiae
937 2182 975 2215 In
1003 2182 1123 2214 ardore
1151 2182 1224 2213 rubi
1251 2183 1481 2222 praesignatur

284 2228 437 2277 [Voxque
464 2230 585 2277 Isaiae]
986 2231 1029 2263 Et
1057 2232 1111 2271 pie
1139 2236 1273 2263 vocatur

334 2282 454 2316 Puram
482 2282 570 2314 omni
599 2281 689 2314 vitio.
1036 2281 1146 2313 Mater
1171 2280 1429 2320 desperantium.

235 2329 338 2372 Virgo
365 2330 436 2363 sine
463 2331 535 2364 viro
561 2330 721 2372 peperisti
936 2329 1045 2370 Moysi
1073 2329 1153 2362 haec
1180 2331 1309 2369 scirpea
1336 2329 1470 2371 fiscella,

234 2379 281 2412 Et
298 2384 375 2420 post
387 2383 518 2420 partum
534 2379 626 2422 virgo
640 2377 812 2420 peperisti,
938 2378 1104 2412 Praebens
1116 2378 1217 2419 lapsis
1224 2378 1403 2419 gratiarum
1412 2378 1521 2416 mella,

284 2428 396 2462 Mater
421 2429 498 2462 Iesu
525 2428 660 2471 Christi,
986 2427 1114 2460 Luceus
1141 2428 1241 2460 maris
1267 2428 1374 2467 stella,

334 2477 396 2517 Qui
422 2481 514 2512 caret
538 2477 644 2511 initio.
1033 2476 1095 2509 Via
1123 2476 1333 2510 deviantium.
