1650 2727
695 129 935 164 -12—

140 227 312 264 1101111115.
389 227 682 273 Imprimebatur
734 225 1073 273 Gryphisuualdiae
1124 236 1191 273 per
1236 226 1489 273 Augustinum

138 287 354 324 Ferberum.

236 351 446 396 Colophon:
497 349 844 396 Gryphisvvaldiae.
923 349 1037 396 Typis
1089 348 1291 395 Augustini
1336 349 1509 387 Ferberi'

139 411 247 445 Anno
278 410 382 445 1582.

237 473 307 508 Die
344 472 510 508 Vorrede
551 472 600 508 ist
640 472 780 508 datiert
812 470 1027 515 Rostochii‚
1068 471 1128 507 die
1167 473 1224 507 23.
1261 471 1351 508 Maii
1392 481 1488 507 anno

139 530 276 567 Christi
315 532 419 567 1582.
473 530 551 566 Aus
587 530 783 567 derselben
821 529 903 565 sind
941 530 1001 565 die
1035 529 1235 576 folgenden
1265 528 1488 566 Abschnitte

138 590 242 625 nicht
269 589 363 625 ohne
392 589 593 625 Interesse.

240 654 414 699 „Semper
454 652 583 697 itaque
623 651 810 698 sapientes
851 651 1123 696 gubernatores
1159 655 1199 687 et
1234 652 1285 697 pii
1320 650 1486 698 episcopi

140 723 213 747 una
250 722 331 748 011111
370 710 507 747 ceteris
541 710 684 746 artibus
719 710 900 748 ecclesiae
928 710 1152 746 necessariis
1180 710 1294 746 etiam
1323 710 1486 746 musicae

141 770 267 805 studia
295 768 469 805 foverunt
504 772 543 804 et
569 769 698 805 sedulo
727 772 1054 805 conservaverunt.
1108 768 1217 804 Tales
1244 764 1486 816 φιλόμουσοι,

140 828 305 864 homines
342 838 426 863 vere
463 828 515 872 pii
544 831 581 862 et
609 827 718 869 docti,
747 826 994 862 admiratores
1022 831 1061 862 et
1086 827 1306 862 laudatores
1334 837 1487 872 operum

141 886 362 930 divinorum,
390 886 503 921 etiam
527 885 563 920 111
584 896 665 920 11103
689 885 813 930 patria
832 883 984 920 suerunt
999 895 1073 920 non
1093 885 1216 930 pauci,
1243 884 1341 930 quod
1361 885 1485 930 ipsum

140 944 196 979 1111·
238 945 404 985 libellus,
445 944 508 989 qui
549 943 770 989 spirituales
810 944 1000 978 cantiones
1037 945 1075 978 et
1114 943 1279 980 carmina
1314 947 1483 979 veterum

141 1003 396 1048 episcoporum
417 1003 453 1037 in
473 1002 600 1038 inclito
621 1012 732 1047 regno
752 1001 911 1037 Sueciae
931 1001 1105 1043 continet,
1125 1004 1302 1037 testatur.
1349 1003 1485 1046 Quam-

143 1071 251 1105 quam
281 1060 375 1095 enim
405 1070 632 1105 permagnae
660 1060 695 1095 in
725 1059 881 1096 ecclesia
908 1059 1084 1095 tenebrae
1104 1064 1227 1095 essent
1245 1070 1288 1095 eo
1307 1063 1485 1105 tempore,

139 1130 211 1163 quo
247 1120 310 1154 lux
347 1119 533 1163 evangelii
568 1118 684 1154 variis
720 1117 934 1162 sophisticis
971 1117 1302 1162 superstitionibus
1334 1122 1375 1154 et
1409 1119 1484 1154 ido-

138 1179 259 1213 lorum
302 1176 468 1212 cultibus
508 1186 683 1221 oppressa
720 1176 881 1219 iaceret,
925 1178 1050 1211 tamen
1087 1176 1124 1210 in
1160 1179 1267 1212 tanta
1303 1177 1485 1213 caecitate

140 1236 242 1272 Deus
269 1235 449 1271 excitavit
477 1235 622 1279 aliquos
649 1235 732 1280 pios
760 1235 878 1275 viros,
908 1234 1027 1279 ipsum
1053 1238 1153 1271 recte
1181 1239 1422 1279 agnoscentes
1449 1239 1487 1271 et

138 1294 273 1330 fiducia
301 1294 576 1330 misericordiae
605 1293 753 1328 (livinae
782 1296 934 1337 propter
953 1292 1145 1328 Christum
1174 1294 1382 1338 promissae
1401 1305 1484 1330 eum

138 1355 355 1388 invocantes
380 1355 417 1386 et
444 1352 685 1388 celebrantes.
737 1350 864 1387 Huius
892 1351 1179 1387 asseverationis
1206 1352 1276 1387 etsi
1302 1352 1377 1388 alia
1397 1363 1485 1398 quo-

137 1422 208 1457 que
244 1410 459 1446 testimonia
497 1413 663 1454 exstent,
702 1413 827 1445 tamen
865 1409 923 1445 1110
960 1410 1111 1445 libellus
1145 1419 1236 1455 prae
1270 1410 1356 1446 aliis
1383 1411 1485 1448 locu-

139 1469 369 1516 pletissimus
421 1469 526 1504 testis
577 1478 657 1504 esse
708 1471 842 1512 potest.
911 1467 953 1503 In
998 1478 1106 1512 quem
1152 1469 1304 1504 tametsi
1349 1469 1486 1505 iniuria

136 1528 376 1563 librariorum
405 1528 560 1562 mendae
589 1527 768 1572 quaedam
797 1526 1032 1571 irrepserunt
1061 1527 1117 1571 (ut
1145 1525 1223 1563 fieri
1253 1528 1363 1567 solet,
1401 1538 1484 1564 011111

136 1586 230 1622 liber
259 1586 395 1630 aliquis
420 1587 466 1621 ab
493 1585 680 1629 imperitis
705 1585 854 1630 saepius
886 1584 1149 1629 describitur),
1177 1588 1301 1621 tamen
1329 1587 1375 1622 ab
1402 1587 1486 1623 istis

134 1644 273 1681 erratis
302 1654 394 1690 pene
423 1645 594 1680 omnibus
619 1653 751 1688 magna
780 1654 824 1679 ex
850 1647 956 1688 parte
976 1648 1203 1689 repurgatus
1224 1647 1262 1679 et
1281 1645 1484 1682 restitutus

135 1708 204 1739 est.
265 1703 442 1746 Quamvis
477 1703 627 1738 interim
664 1702 793 1746 negari
830 1712 903 1738 non
940 1702 1077 1747 possit,
1117 1713 1200 1738 cum
1238 1703 1360 1739 omnia
1396 1703 1485 1740 haec

136 1762 349 1807 rhythmica
377 1762 500 1807 potius
528 1761 603 1796 sint
629 1771 740 1806 quam
763 1761 921 1807 poetica,
950 1761 1120 1806 pluribus
1142 1761 1180 1796 in
1199 1761 1289 1797 locis
1307 1763 1486 1807 antiquae

137 1820 239 1856 illius
284 1824 319 1855 et
364 1824 444 1854 tum
490 1819 526 1855 in
571 1819 814 1855 conventibus
859 1819 1123 1856 ecclesiasticis
1169 1823 1207 1855 et
1251 1820 1486 1856 scholasticis

137 1879 301 1914 usitatae
318 1878 520 1914 latinitatis
536 1877 697 1922 vestigia
712 1877 834 1914 adhuc
850 1877 1008 1914 subinde
1024 1888 1229 1921 0001111010,
1247 1889 1344 1924 quae
1361 1883 1486 1915 tamen

136 1937 225 1972 talia
253 1939 349 1979 sunt,
378 1939 419 1972 ut
442 1937 641 1972 vetustatis
659 1936 880 1982 reliogiosae
899 1937 1045 1971 nomine
1062 1937 1186 1982 potins
1204 1937 1483 1974 venerationem

137 2007 217 2031 cum
257 1995 411 2031 candida
453 1996 695 2031 excusatione
729 2006 835 2040 quam
870 1995 1092 2031 maledicam
1130 1998 1168 2031 et
1204 1997 1486 2040 superciliosam

135 2054 428 2098 exagitationem
455 2052 655 2098 promereri
676 2052 888 2089 videantur.
932 2052 1050 2089 Sicuti
1071 2056 1218 2089 veteres
1239 2064 1384 2100 quoque
1403 2055 1488 2092 illos

137 2116 221 2159 post
260 2112 363 2147 edita
401 2116 577 2156 poemata
613 2111 783 2158 Virgilii,
826 2111 975 2148 Horatii
1015 2115 1055 2147 et
1093 2112 1253 2148 aliorum
1291 2117 1489 2159 poetarum

136 2171 245 2217 plane
273 2170 410 2212 divina,
439 2175 563 2206 tamen
591 2180 661 2205 11011
691 2173 889 2216 propterea
910 2170 1073 2206 Ennium
1100 2174 1138 2205 et
1159 2169 1348 2208 Lucilium
1378 2172 1488 2219 plane

140 2229 357 2276 repudiasse
385 2232 423 2265 et
451 2239 532 2264 cum
561 2228 714 2264 fastidio
742 2228 922 2266 abiecisse
949 2231 1097 2265 constat
1123 2257 1351 2267 .......

234 2288 328 2324 Cum
355 2298 443 2324 vero
471 2298 560 2323 usus
584 2287 719 2324 talium
739 2287 1012 2324 cantilenarum
1032 2298 1102 2324 non
1122 2289 1173 2324 sit
1193 2289 1367 2335 exiguus,
1387 2299 1490 2326 cuin-

138 2358 209 2393 que
234 2358 305 2383 non
333 2347 449 2382 solum
478 2346 515 2381 in
543 2346 699 2389 scholis,
730 2357 859 2383 verum
886 2346 1003 2383 etiam
1031 2347 1127 2383 alias
1152 2348 1191 2383 in
1218 2348 1347 2385 inclito
1373 2359 1490 2395 regno

138 2407 313 2450 Sueciae,
350 2406 470 2452 patria
509 2415 589 2441 mea
626 2406 840 2449 carissima,
875 2406 1016 2452 passim
1052 2410 1301 2453 usurpentur,
1337 2409 1489 2446 eaedem

136 2467 291 2512 insuper
325 2475 437 2511 opera
470 2464 750 2511 magnificorum
779 2468 817 2501 et
842 2464 1049 2502 illustrium
1075 2465 1241 2503 virorum
1269 2466 1306 2503 in
1335 2468 1491 2505 civitate
