<?xml version="1.0" encoding="UTF-8"?>
<!DOCTYPE html PUBLIC "-//W3C//DTD XHTML 1.0 Transitional//EN"
    "http://www.w3.org/TR/xhtml1/DTD/xhtml1-transitional.dtd">
<html xmlns="http://www.w3.org/1999/xhtml" xml:lang="en" lang="en">
 <head>
  <title>
</title>
<meta http-equiv="Content-Type" content="text/html;charset=utf-8" />
  <meta name='ocr-system' content='tesseract 3.04.00' />
  <meta name='ocr-capabilities' content='ocr_page ocr_carea ocr_par ocr_line ocrx_word'/>
</head>
<body>
  <div class='ocr_page' id='page_1' title='image "./analectahymnica45drevuoft/analectahymnica45drevuoft_0098.png"; bbox 0 0 1650 2727; ppageno 0'>
   <div class='ocr_carea' id='block_1_1' title="bbox 692 183 932 219">
    <p class='ocr_par' dir='ltr' id='par_1_1' title="bbox 692 183 932 219">
     <span class='ocr_line' id='line_1_1' title="bbox 692 183 932 219; baseline -0.004 -10"><span class='ocrx_word' id='word_1_1' title='bbox 692 183 932 219; x_wconf 61' lang='grc'>,95-</span> 
     </span>
    </p>
   </div>
   <div class='ocr_carea' id='block_1_2' title="bbox 524 323 1094 359">
    <p class='ocr_par' dir='ltr' id='par_1_2' title="bbox 524 323 1094 359">
     <span class='ocr_line' id='line_1_2' title="bbox 524 323 1094 359; baseline -0.007 -2"><span class='ocrx_word' id='word_1_2' title='bbox 524 326 574 357; x_wconf 78' lang='grc'>36.</span> <span class='ocrx_word' id='word_1_3' title='bbox 615 325 658 357; x_wconf 75' lang='lat' dir='ltr'>ne</span> <span class='ocrx_word' id='word_1_4' title='bbox 679 333 705 357; x_wconf 86' lang='lat' dir='ltr'>s.</span> <span class='ocrx_word' id='word_1_5' title='bbox 727 325 874 359; x_wconf 70' lang='lat' dir='ltr'>(letardo</span> <span class='ocrx_word' id='word_1_6' title='bbox 896 323 1094 357; x_wconf 70' lang='lat' dir='ltr'>Cenfflliensi.</span> 
     </span>
    </p>
   </div>
   <div class='ocr_carea' id='block_1_3' title="bbox 270 418 642 458">
    <p class='ocr_par' dir='ltr' id='par_1_3' title="bbox 270 418 642 458">
     <span class='ocr_line' id='line_1_3' title="bbox 270 418 642 458; baseline -0.003 -7"><span class='ocrx_word' id='word_1_7' title='bbox 270 420 315 452; x_wconf 86' lang='lat' dir='ltr'>ln</span> <span class='ocrx_word' id='word_1_8' title='bbox 352 418 382 451; x_wconf 94' lang='lat'>1.</span> <span class='ocrx_word' id='word_1_9' title='bbox 421 418 642 458; x_wconf 87' lang='lat' dir='ltr'>Vesperis.</span> 
     </span>
    </p>
   </div>
   <div class='ocr_carea' id='block_1_4' title="bbox 353 494 554 532">
    <p class='ocr_par' dir='ltr' id='par_1_4' title="bbox 353 494 554 532">
     <span class='ocr_line' id='line_1_4' title="bbox 353 494 554 532; baseline -0.005 -10"><span class='ocrx_word' id='word_1_10' title='bbox 353 494 554 532; x_wconf 80' lang='lat' dir='ltr'>Antiphonae.</span> 
     </span>
    </p>
   </div>
   <div class='ocr_carea' id='block_1_5' title="bbox 173 584 633 765">
    <p class='ocr_par' dir='ltr' id='par_1_5' title="bbox 173 584 633 765">
     <span class='ocr_line' id='line_1_5' title="bbox 173 584 595 619; baseline -0.007 0"><span class='ocrx_word' id='word_1_11' title='bbox 173 587 205 619; x_wconf 92' lang='lat'>1.</span> <span class='ocrx_word' id='word_1_12' title='bbox 235 588 346 618; x_wconf 82' lang='lat' dir='ltr'>Aurea</span> <span class='ocrx_word' id='word_1_13' title='bbox 371 585 436 617; x_wconf 87' lang='lat' dir='ltr'>iam</span> <span class='ocrx_word' id='word_1_14' title='bbox 464 584 595 617; x_wconf 86' lang='lat' dir='ltr'>saecula</span> 
     </span>
     <span class='ocr_line' id='line_1_6' title="bbox 281 634 623 672; baseline -0.009 -5"><span class='ocrx_word' id='word_1_15' title='bbox 281 635 376 667; x_wconf 83' lang='lat' dir='ltr'>Diem</span> <span class='ocrx_word' id='word_1_16' title='bbox 402 634 623 672; x_wconf 79' lang='lat' dir='ltr'>adduxerunt,</span> 
     </span>
     <span class='ocr_line' id='line_1_7' title="bbox 234 682 633 724; baseline -0.005 -8"><span class='ocrx_word' id='word_1_17' title='bbox 234 687 304 724; x_wconf 74' lang='lat' dir='ltr'>Quo</span> <span class='ocrx_word' id='word_1_18' title='bbox 331 682 473 716; x_wconf 88' lang='lat' dir='ltr'>Gerardi</span> <span class='ocrx_word' id='word_1_19' title='bbox 499 682 633 722; x_wconf 82' lang='lat' dir='ltr'>specula</span> 
     </span>
     <span class='ocr_line' id='line_1_8' title="bbox 281 732 623 765; baseline -0.006 0"><span class='ocrx_word' id='word_1_20' title='bbox 281 732 407 765; x_wconf 78' lang='lat' dir='ltr'>Mundo</span> <span class='ocrx_word' id='word_1_21' title='bbox 435 733 623 764; x_wconf 81' lang='lat' dir='ltr'>claruerunt</span> 
     </span>
    </p>
   </div>
   <div class='ocr_carea' id='block_1_6' title="bbox 236 819 593 1001">
    <p class='ocr_par' dir='ltr' id='par_1_6' title="bbox 236 819 593 1001">
     <span class='ocr_line' id='line_1_9' title="bbox 239 819 593 854; baseline -0.003 -2"><span class='ocrx_word' id='word_1_22' title='bbox 239 819 452 854; x_wconf 82' lang='lat' dir='ltr'>Laetabunda</span> <span class='ocrx_word' id='word_1_23' title='bbox 477 819 593 851; x_wconf 82' lang='lat' dir='ltr'>iubilet</span> 
     </span>
     <span class='ocr_line' id='line_1_10' title="bbox 284 869 573 910; baseline -0.007 -8"><span class='ocrx_word' id='word_1_24' title='bbox 284 871 394 902; x_wconf 83' lang='lat' dir='ltr'>Mater</span> <span class='ocrx_word' id='word_1_25' title='bbox 420 869 573 910; x_wconf 84' lang='lat' dir='ltr'>filiorum,</span> 
     </span>
     <span class='ocr_line' id='line_1_11' title="bbox 236 917 590 959; baseline -0.008 -7"><span class='ocrx_word' id='word_1_26' title='bbox 236 919 367 952; x_wconf 86' lang='lat' dir='ltr'>Gaudia</span> <span class='ocrx_word' id='word_1_27' title='bbox 394 917 590 959; x_wconf 82' lang='lat' dir='ltr'>multiplicet</span> 
     </span>
     <span class='ocr_line' id='line_1_12' title="bbox 286 967 573 1001; baseline -0.003 0"><span class='ocrx_word' id='word_1_28' title='bbox 286 967 425 1001; x_wconf 82' lang='lat' dir='ltr'>Gaudiis</span> <span class='ocrx_word' id='word_1_29' title='bbox 452 976 573 1000; x_wconf 82' lang='lat' dir='ltr'>eorum.</span> 
     </span>
    </p>
   </div>
   <div class='ocr_carea' id='block_1_7' title="bbox 203 1055 694 1186">
    <p class='ocr_par' dir='ltr' id='par_1_7' title="bbox 203 1055 694 1186">
     <span class='ocr_line' id='line_1_13' title="bbox 203 1055 538 1090; baseline -0.012 0"><span class='ocrx_word' id='word_1_30' title='bbox 203 1083 209 1090; x_wconf 89' lang='lat'><strong>.</strong></span> <span class='ocrx_word' id='word_1_31' title='bbox 237 1055 426 1089; x_wconf 81' lang='lat' dir='ltr'>Gratiarum</span> <span class='ocrx_word' id='word_1_32' title='bbox 453 1055 538 1087; x_wconf 87' lang='lat' dir='ltr'>actio</span> 
     </span>
     <span class='ocr_line' id='line_1_14' title="bbox 289 1104 694 1143; baseline -0.007 -5"><span class='ocrx_word' id='word_1_33' title='bbox 289 1105 381 1138; x_wconf 82' lang='lat' dir='ltr'>Patri</span> <span class='ocrx_word' id='word_1_34' title='bbox 407 1108 500 1136; x_wconf 83' lang='lat' dir='ltr'>sonet</span> <span class='ocrx_word' id='word_1_35' title='bbox 525 1104 694 1143; x_wconf 83' lang='lat' dir='ltr'>luminum,</span> 
     </span>
     <span class='ocr_line' id='line_1_15' title="bbox 239 1153 551 1186; baseline -0.006 0"><span class='ocrx_word' id='word_1_36' title='bbox 239 1154 285 1186; x_wconf 84' lang='lat' dir='ltr'>Et</span> <span class='ocrx_word' id='word_1_37' title='bbox 311 1153 377 1186; x_wconf 85' lang='lat' dir='ltr'>reis</span> <span class='ocrx_word' id='word_1_38' title='bbox 404 1153 551 1186; x_wconf 85' lang='lat' dir='ltr'>remissio</span> 
     </span>
    </p>
   </div>
   <div class='ocr_carea' id='block_1_8' title="bbox 288 1202 698 1244">
    <p class='ocr_par' dir='ltr' id='par_1_8' title="bbox 288 1202 698 1244">
     <span class='ocr_line' id='line_1_16' title="bbox 288 1202 698 1244; baseline -0.007 -9"><span class='ocrx_word' id='word_1_39' title='bbox 288 1203 437 1235; x_wconf 87' lang='lat' dir='ltr'>Donetur</span> <span class='ocrx_word' id='word_1_40' title='bbox 461 1202 698 1244; x_wconf 82' lang='lat' dir='ltr'>peccaminum,</span> 
     </span>
    </p>
   </div>
   <div class='ocr_carea' id='block_1_9' title="bbox 241 1291 614 1472">
    <p class='ocr_par' dir='ltr' id='par_1_9' title="bbox 242 1291 614 1381">
     <span class='ocr_line' id='line_1_17' title="bbox 242 1291 568 1324; baseline -0.009 0"><span class='ocrx_word' id='word_1_41' title='bbox 242 1292 280 1324; x_wconf 89' lang='lat' dir='ltr'>In</span> <span class='ocrx_word' id='word_1_42' title='bbox 308 1291 354 1323; x_wconf 87' lang='lat' dir='ltr'>tui</span> <span class='ocrx_word' id='word_1_43' title='bbox 380 1291 568 1324; x_wconf 84' lang='lat' dir='ltr'>memoriam</span> 
     </span>
     <span class='ocr_line' id='line_1_18' title="bbox 288 1339 614 1381; baseline -0.006 -7"><span class='ocrx_word' id='word_1_44' title='bbox 288 1342 383 1374; x_wconf 86' lang='lat' dir='ltr'>Dona</span> <span class='ocrx_word' id='word_1_45' title='bbox 409 1339 614 1381; x_wconf 82' lang='lat' dir='ltr'>congregatis</span> 
     </span>
    </p>

    <p class='ocr_par' dir='ltr' id='par_1_10' title="bbox 241 1389 587 1472">
     <span class='ocr_line' id='line_1_19' title="bbox 241 1389 587 1421; baseline -0.003 0"><span class='ocrx_word' id='word_1_46' title='bbox 241 1389 389 1421; x_wconf 75' lang='lat' dir='ltr'>nostium</span> <span class='ocrx_word' id='word_1_47' title='bbox 417 1390 587 1421; x_wconf 85' lang='lat' dir='ltr'>victoriam</span> 
     </span>
     <span class='ocr_line' id='line_1_20' title="bbox 288 1438 563 1472; baseline -0.007 0"><span class='ocrx_word' id='word_1_48' title='bbox 288 1438 420 1472; x_wconf 89' lang='lat' dir='ltr'>Meritis</span> <span class='ocrx_word' id='word_1_49' title='bbox 447 1438 563 1470; x_wconf 81' lang='lat' dir='ltr'>beatis.</span> 
     </span>
    </p>
   </div>
   <div class='ocr_carea' id='block_1_10' title="bbox 203 1526 690 1708">
    <p class='ocr_par' dir='ltr' id='par_1_11' title="bbox 203 1526 631 1559">
     <span class='ocr_line' id='line_1_21' title="bbox 203 1526 631 1559; baseline -0.002 -1"><span class='ocrx_word' id='word_1_50' title='bbox 203 1552 210 1558; x_wconf 93' lang='lat'>.</span> <span class='ocrx_word' id='word_1_51' title='bbox 241 1528 348 1559; x_wconf 86' lang='lat' dir='ltr'>Iustus</span> <span class='ocrx_word' id='word_1_52' title='bbox 375 1526 463 1558; x_wconf 88' lang='lat' dir='ltr'>Deus</span> <span class='ocrx_word' id='word_1_53' title='bbox 490 1526 631 1558; x_wconf 83' lang='lat' dir='ltr'>iustitias</span> 
     </span>
    </p>

    <p class='ocr_par' dir='ltr' id='par_1_12' title="bbox 291 1575 603 1608">
     <span class='ocr_line' id='line_1_22' title="bbox 291 1575 603 1608; baseline -0.006 0"><span class='ocrx_word' id='word_1_54' title='bbox 291 1576 383 1608; x_wconf 89' lang='lat' dir='ltr'>Servi</span> <span class='ocrx_word' id='word_1_55' title='bbox 411 1576 459 1608; x_wconf 90' lang='lat' dir='ltr'>sui</span> <span class='ocrx_word' id='word_1_56' title='bbox 488 1575 603 1607; x_wconf 83' lang='lat' dir='ltr'>dilexit</span> 
     </span>
    </p>

    <p class='ocr_par' dir='ltr' id='par_1_13' title="bbox 241 1624 690 1708">
     <span class='ocr_line' id='line_1_23' title="bbox 241 1624 628 1658; baseline -0.003 -1"><span class='ocrx_word' id='word_1_57' title='bbox 241 1625 282 1657; x_wconf 87' lang='lat' dir='ltr'>Et</span> <span class='ocrx_word' id='word_1_58' title='bbox 310 1625 352 1658; x_wconf 85' lang='lat' dir='ltr'>ad</span> <span class='ocrx_word' id='word_1_59' title='bbox 382 1625 464 1656; x_wconf 88' lang='lat' dir='ltr'>caeli</span> <span class='ocrx_word' id='word_1_60' title='bbox 493 1624 628 1657; x_wconf 84' lang='lat' dir='ltr'>delicias</span> 
     </span>
     <span class='ocr_line' id='line_1_24' title="bbox 290 1673 690 1708; baseline 0.005 -3"><span class='ocrx_word' id='word_1_61' title='bbox 290 1674 452 1706; x_wconf 82' lang='lat' dir='ltr'>Dilectum</span> <span class='ocrx_word' id='word_1_62' title='bbox 481 1674 545 1706; x_wconf 81' lang='lat' dir='ltr'>iam</span> <span class='ocrx_word' id='word_1_63' title='bbox 571 1673 690 1708; x_wconf 85' lang='lat' dir='ltr'><strong>evexit.</strong></span> 
     </span>
    </p>
   </div>
   <div class='ocr_carea' id='block_1_11' title="bbox 337 1780 590 1817">
    <p class='ocr_par' dir='ltr' id='par_1_14' title="bbox 337 1780 590 1817">
     <span class='ocr_line' id='line_1_25' title="bbox 337 1780 590 1817; baseline 0.008 -10"><span class='ocrx_word' id='word_1_64' title='bbox 337 1780 383 1807; x_wconf 84' lang='lat' dir='ltr'>Ad</span> <span class='ocrx_word' id='word_1_65' title='bbox 406 1780 590 1817; x_wconf 74' lang='lat' dir='ltr'>Magnificat.</span> 
     </span>
    </p>
   </div>
   <div class='ocr_carea' id='block_1_12' title="bbox 170 1850 632 2231">
    <p class='ocr_par' dir='ltr' id='par_1_15' title="bbox 170 1850 632 2231">
     <span class='ocr_line' id='line_1_26' title="bbox 170 1850 463 1890; baseline -0.007 -6"><span class='ocrx_word' id='word_1_66' title='bbox 170 1853 211 1884; x_wconf 89' lang='lat' dir='ltr'>A.</span> <span class='ocrx_word' id='word_1_67' title='bbox 240 1850 352 1885; x_wconf 84' lang='lat' dir='ltr'>Claret</span> <span class='ocrx_word' id='word_1_68' title='bbox 380 1850 463 1890; x_wconf 85' lang='lat' dir='ltr'>dies,</span> 
     </span>
     <span class='ocr_line' id='line_1_27' title="bbox 290 1900 630 1943; baseline 0.003 -11"><span class='ocrx_word' id='word_1_69' title='bbox 290 1901 392 1934; x_wconf 80' lang='lat' dir='ltr'>claret</span> <span class='ocrx_word' id='word_1_70' title='bbox 418 1900 630 1943; x_wconf 82' lang='lat' dir='ltr'>sollemnitas,</span> 
     </span>
     <span class='ocr_line' id='line_1_28' title="bbox 237 1948 475 1990; baseline 0.004 -9"><span class='ocrx_word' id='word_1_71' title='bbox 237 1950 306 1990; x_wconf 78' lang='lat' dir='ltr'>Quo</span> <span class='ocrx_word' id='word_1_72' title='bbox 333 1948 475 1982; x_wconf 85' lang='lat' dir='ltr'>Gerardi</span> 
     </span>
     <span class='ocr_line' id='line_1_29' title="bbox 286 1997 614 2039; baseline 0 -8"><span class='ocrx_word' id='word_1_73' title='bbox 286 1997 418 2031; x_wconf 72' lang='lat' dir='ltr'>refulsit</span> <span class='ocrx_word' id='word_1_74' title='bbox 444 1999 614 2039; x_wconf 80' lang='lat' dir='ltr'>sanctitas,</span> 
     </span>
     <span class='ocr_line' id='line_1_30' title="bbox 240 2047 517 2082; baseline 0 -2"><span class='ocrx_word' id='word_1_75' title='bbox 240 2047 365 2081; x_wconf 87' lang='lat' dir='ltr'>Chorus</span> <span class='ocrx_word' id='word_1_76' title='bbox 392 2049 517 2082; x_wconf 89' lang='lat' dir='ltr'>caelum</span> 
     </span>
     <span class='ocr_line' id='line_1_31' title="bbox 286 2097 632 2139; baseline 0 -9"><span class='ocrx_word' id='word_1_77' title='bbox 286 2097 459 2139; x_wconf 84' lang='lat' dir='ltr'>propulset</span> <span class='ocrx_word' id='word_1_78' title='bbox 485 2098 632 2135; x_wconf 77' lang='lat' dir='ltr'>vocibus,</span> 
     </span>
     <span class='ocr_line' id='line_1_32' title="bbox 236 2147 498 2180; baseline 0 0"><span class='ocrx_word' id='word_1_79' title='bbox 236 2147 370 2180; x_wconf 85' lang='lat' dir='ltr'>Reddat</span> <span class='ocrx_word' id='word_1_80' title='bbox 395 2148 498 2180; x_wconf 88' lang='lat' dir='ltr'>melos</span> 
     </span>
     <span class='ocr_line' id='line_1_33' title="bbox 288 2196 621 2231; baseline 0.006 -2"><span class='ocrx_word' id='word_1_81' title='bbox 288 2196 410 2230; x_wconf 85' lang='lat' dir='ltr'>sanctis</span> <span class='ocrx_word' id='word_1_82' title='bbox 437 2197 621 2231; x_wconf 86' lang='lat' dir='ltr'>affectibus.</span> 
     </span>
    </p>
   </div>
   <div class='ocr_carea' id='block_1_13' title="bbox 273 2335 650 2369">
    <p class='ocr_par' dir='ltr' id='par_1_16' title="bbox 273 2335 650 2369">
     <span class='ocr_line' id='line_1_34' title="bbox 273 2335 650 2369; baseline -0.005 0"><span class='ocrx_word' id='word_1_83' title='bbox 273 2336 336 2369; x_wconf 90' lang='lat' dir='ltr'>Ad</span> <span class='ocrx_word' id='word_1_84' title='bbox 370 2335 650 2369; x_wconf 83' lang='lat' dir='ltr'>Matutinum.</span> 
     </span>
    </p>
   </div>
   <div class='ocr_carea' id='block_1_14' title="bbox 353 2413 574 2443">
    <p class='ocr_par' dir='ltr' id='par_1_17' title="bbox 353 2413 574 2443">
     <span class='ocr_line' id='line_1_35' title="bbox 353 2413 574 2443; baseline 0.009 -2"><span class='ocrx_word' id='word_1_85' title='bbox 353 2413 497 2442; x_wconf 72' lang='lat' dir='ltr'>Invitatoz</span> <span class='ocrx_word' id='word_1_86' title='bbox 504 2414 574 2443; x_wconf 87' lang='lat' dir='ltr'>ium.</span> 
     </span>
    </p>
   </div>
   <div class='ocr_carea' id='block_1_15' title="bbox 234 2493 644 2586">
    <p class='ocr_par' dir='ltr' id='par_1_18' title="bbox 234 2493 644 2586">
     <span class='ocr_line' id='line_1_36' title="bbox 234 2493 569 2528; baseline -0.006 0"><span class='ocrx_word' id='word_1_87' title='bbox 234 2493 380 2528; x_wconf 80' lang='lat' dir='ltr'>Trinum</span> <span class='ocrx_word' id='word_1_88' title='bbox 406 2497 435 2527; x_wconf 78' lang='lat' dir='ltr'>ec</span> <span class='ocrx_word' id='word_1_89' title='bbox 461 2503 569 2527; x_wconf 81' lang='lat' dir='ltr'>unum</span> 
     </span>
     <span class='ocr_line' id='line_1_37' title="bbox 236 2541 644 2586; baseline -0.002 -10"><span class='ocrx_word' id='word_1_90' title='bbox 236 2543 416 2578; x_wconf 81' lang='lat' dir='ltr'>adoremus</span> <span class='ocrx_word' id='word_1_91' title='bbox 441 2541 644 2586; x_wconf 75' lang='lat' dir='ltr'>Dominum,</span> 
     </span>
    </p>
   </div>
   <div class='ocr_carea' id='block_1_16' title="bbox 864 1723 883 1754">
    <p class='ocr_par' dir='ltr' id='par_1_19' title="bbox 864 1723 883 1754">
     <span class='ocr_line' id='line_1_38' title="bbox 864 1723 883 1754; textangle 90"><span class='ocrx_word' id='word_1_92' title='bbox 864 1723 883 1754; x_wconf 65' lang='lat'>&lt;251</span> 
     </span>
    </p>
   </div>
   <div class='ocr_carea' id='block_1_17' title="bbox 963 413 1490 497">
    <p class='ocr_par' dir='ltr' id='par_1_20' title="bbox 963 413 1490 497">
     <span class='ocr_line' id='line_1_39' title="bbox 963 413 1328 456; baseline -0.014 -8"><span class='ocrx_word' id='word_1_93' title='bbox 963 417 1020 456; x_wconf 72' lang='lat' dir='ltr'>qui</span> <span class='ocrx_word' id='word_1_94' title='bbox 1047 413 1135 455; x_wconf 75' lang='lat' dir='ltr'>felici</span> <span class='ocrx_word' id='word_1_95' title='bbox 1162 413 1328 453; x_wconf 76' lang='lat' dir='ltr'>martyrio</span> 
     </span>
     <span class='ocr_line' id='line_1_40' title="bbox 966 461 1490 497; baseline -0.011 -1"><span class='ocrx_word' id='word_1_96' title='bbox 966 462 1136 497; x_wconf 67' lang='lat' dir='ltr'>coronavit</span> <span class='ocrx_word' id='word_1_97' title='bbox 1145 462 1275 494; x_wconf 78' lang='lat' dir='ltr'>beatum</span> <span class='ocrx_word' id='word_1_98' title='bbox 1285 461 1490 494; x_wconf 75' lang='lat' dir='ltr'>Gerardmn,</span> 
     </span>
    </p>
   </div>
   <div class='ocr_carea' id='block_1_18' title="bbox 973 607 1358 643">
    <p class='ocr_par' dir='ltr' id='par_1_21' title="bbox 973 607 1358 643">
     <span class='ocr_line' id='line_1_41' title="bbox 973 607 1358 643; baseline -0.008 -1"><span class='ocrx_word' id='word_1_99' title='bbox 973 611 1018 642; x_wconf 88' lang='lat' dir='ltr'>In</span> <span class='ocrx_word' id='word_1_100' title='bbox 1055 610 1086 643; x_wconf 93' lang='lat'>1.</span> <span class='ocrx_word' id='word_1_101' title='bbox 1124 607 1358 640; x_wconf 75' lang='lat' dir='ltr'>Nocturno.</span> 
     </span>
    </p>
   </div>
   <div class='ocr_carea' id='block_1_19' title="bbox 1067 685 1270 722">
    <p class='ocr_par' dir='ltr' id='par_1_22' title="bbox 1067 685 1270 722">
     <span class='ocr_line' id='line_1_42' title="bbox 1067 685 1270 722; baseline -0.01 -8"><span class='ocrx_word' id='word_1_102' title='bbox 1067 685 1270 722; x_wconf 74' lang='lat' dir='ltr'>Antiphonae.</span> 
     </span>
    </p>
   </div>
   <div class='ocr_carea' id='block_1_20' title="bbox 885 775 1298 816">
    <p class='ocr_par' dir='ltr' id='par_1_23' title="bbox 885 775 1298 816">
     <span class='ocr_line' id='line_1_43' title="bbox 885 775 1298 816; baseline -0.017 -4"><span class='ocrx_word' id='word_1_103' title='bbox 885 805 892 812; x_wconf 95' lang='lat'>.</span> <span class='ocrx_word' id='word_1_104' title='bbox 920 779 958 810; x_wconf 86' lang='lat' dir='ltr'>ln</span> <span class='ocrx_word' id='word_1_105' title='bbox 985 777 1062 809; x_wconf 68' lang='lat' dir='ltr'>sede</span> <span class='ocrx_word' id='word_1_106' title='bbox 1090 775 1298 816; x_wconf 71' lang='lat' dir='ltr'>pestilentiae</span> 
     </span>
    </p>
   </div>
   <div class='ocr_carea' id='block_1_21' title="bbox 921 824 1410 963">
    <p class='ocr_par' dir='ltr' id='par_1_24' title="bbox 921 824 1410 963">
     <span class='ocr_line' id='line_1_44' title="bbox 970 824 1408 858; baseline -0.005 0"><span class='ocrx_word' id='word_1_107' title='bbox 970 825 1108 858; x_wconf 84' lang='lat' dir='ltr'>Sanctus</span> <span class='ocrx_word' id='word_1_108' title='bbox 1135 824 1197 856; x_wconf 68' lang='lat' dir='ltr'>Dei</span> <span class='ocrx_word' id='word_1_109' title='bbox 1224 834 1287 856; x_wconf 92' lang='lat' dir='ltr'>non</span> <span class='ocrx_word' id='word_1_110' title='bbox 1313 824 1408 856; x_wconf 64' lang='lat' dir='ltr'>sedit,</span> 
     </span>
     <span class='ocr_line' id='line_1_45' title="bbox 921 873 1376 909; baseline -0.009 -2"><span class='ocrx_word' id='word_1_111' title='bbox 921 875 984 909; x_wconf 76' lang='lat' dir='ltr'>Sed</span> <span class='ocrx_word' id='word_1_112' title='bbox 1013 874 1203 907; x_wconf 72' lang='lat' dir='ltr'>cathedram</span> <span class='ocrx_word' id='word_1_113' title='bbox 1232 873 1376 905; x_wconf 75' lang='lat' dir='ltr'>iustitiae</span> 
     </span>
     <span class='ocr_line' id='line_1_46' title="bbox 971 922 1410 963; baseline -0.009 -6"><span class='ocrx_word' id='word_1_114' title='bbox 971 925 1093 957; x_wconf 75' lang='lat' dir='ltr'>Christi</span> <span class='ocrx_word' id='word_1_115' title='bbox 1121 928 1245 963; x_wconf 63' lang='lat' dir='ltr'>martyr</span> <span class='ocrx_word' id='word_1_116' title='bbox 1271 922 1410 953; x_wconf 77' lang='lat' dir='ltr'>accedit.</span> 
     </span>
    </p>
   </div>
   <div class='ocr_carea' id='block_1_22' title="bbox 923 1012 1407 1192">
    <p class='ocr_par' dir='ltr' id='par_1_25' title="bbox 923 1012 1407 1101">
     <span class='ocr_line' id='line_1_47' title="bbox 923 1012 1277 1046; baseline -0.014 -1"><span class='ocrx_word' id='word_1_117' title='bbox 923 1015 959 1046; x_wconf 92' lang='lat' dir='ltr'>ln</span> <span class='ocrx_word' id='word_1_118' title='bbox 988 1013 1104 1044; x_wconf 80' lang='lat' dir='ltr'>timore</span> <span class='ocrx_word' id='word_1_119' title='bbox 1131 1012 1277 1043; x_wconf 67' lang='lat' dir='ltr'>laetitiae</span> 
     </span>
     <span class='ocr_line' id='line_1_48' title="bbox 972 1059 1407 1101; baseline -0.009 -8"><span class='ocrx_word' id='word_1_120' title='bbox 972 1062 1092 1093; x_wconf 67' lang='lat' dir='ltr'>Christi</span> <span class='ocrx_word' id='word_1_121' title='bbox 1121 1065 1246 1101; x_wconf 64' lang='lat' dir='ltr'>martyr</span> <span class='ocrx_word' id='word_1_122' title='bbox 1273 1059 1407 1090; x_wconf 64' lang='lat' dir='ltr'>servivit</span> 
     </span>
    </p>

    <p class='ocr_par' dir='ltr' id='par_1_26' title="bbox 923 1109 1350 1192">
     <span class='ocr_line' id='line_1_49' title="bbox 923 1109 1350 1149; baseline -0.012 -6"><span class='ocrx_word' id='word_1_123' title='bbox 923 1111 965 1144; x_wconf 74' lang='lat' dir='ltr'>Et</span> <span class='ocrx_word' id='word_1_124' title='bbox 995 1110 1197 1142; x_wconf 83' lang='lat' dir='ltr'>documentis</span> <span class='ocrx_word' id='word_1_125' title='bbox 1225 1109 1350 1149; x_wconf 71' lang='lat' dir='ltr'>gratiae</span> 
     </span>
     <span class='ocr_line' id='line_1_50' title="bbox 972 1157 1322 1192; baseline -0.006 0"><span class='ocrx_word' id='word_1_126' title='bbox 972 1160 1117 1192; x_wconf 88' lang='lat' dir='ltr'>Devotus</span> <span class='ocrx_word' id='word_1_127' title='bbox 1144 1157 1322 1190; x_wconf 75' lang='lat' dir='ltr'>oboedivit.</span> 
     </span>
    </p>
   </div>
   <div class='ocr_carea' id='block_1_23' title="bbox 922 1246 1399 1433">
    <p class='ocr_par' dir='ltr' id='par_1_27' title="bbox 924 1246 1335 1329">
     <span class='ocr_line' id='line_1_51' title="bbox 924 1246 1294 1281; baseline -0.008 -1"><span class='ocrx_word' id='word_1_128' title='bbox 924 1249 962 1281; x_wconf 85' lang='lat' dir='ltr'>In</span> <span class='ocrx_word' id='word_1_129' title='bbox 991 1247 1052 1279; x_wconf 85' lang='lat' dir='ltr'>Dei</span> <span class='ocrx_word' id='word_1_130' title='bbox 1079 1246 1294 1279; x_wconf 79' lang='lat' dir='ltr'>tabernaculo</span> 
     </span>
     <span class='ocr_line' id='line_1_52' title="bbox 974 1295 1335 1329; baseline -0.011 0"><span class='ocrx_word' id='word_1_131' title='bbox 974 1295 1143 1329; x_wconf 76' lang='lat' dir='ltr'>Gerardus</span> <span class='ocrx_word' id='word_1_132' title='bbox 1173 1295 1335 1327; x_wconf 77' lang='lat' dir='ltr'>habitavit</span> 
     </span>
    </p>

    <p class='ocr_par' dir='ltr' id='par_1_28' title="bbox 922 1344 1399 1433">
     <span class='ocr_line' id='line_1_53' title="bbox 922 1344 1356 1385; baseline -0.009 -7"><span class='ocrx_word' id='word_1_133' title='bbox 922 1346 965 1379; x_wconf 83' lang='lat' dir='ltr'>Et</span> <span class='ocrx_word' id='word_1_134' title='bbox 993 1353 1080 1377; x_wconf 80' lang='lat' dir='ltr'>terso</span> <span class='ocrx_word' id='word_1_135' title='bbox 1108 1346 1194 1376; x_wconf 81' lang='lat' dir='ltr'>vitae</span> <span class='ocrx_word' id='word_1_136' title='bbox 1222 1344 1356 1385; x_wconf 80' lang='lat' dir='ltr'>speculo</span> 
     </span>
     <span class='ocr_line' id='line_1_54' title="bbox 972 1393 1399 1433; baseline -0.002 -6"><span class='ocrx_word' id='word_1_137' title='bbox 972 1395 1021 1427; x_wconf 77' lang='lat' dir='ltr'>De</span> <span class='ocrx_word' id='word_1_138' title='bbox 1049 1395 1143 1426; x_wconf 80' lang='lat' dir='ltr'>hoste</span> <span class='ocrx_word' id='word_1_139' title='bbox 1169 1393 1399 1433; x_wconf 71' lang='lat' dir='ltr'>triumphavit.</span> 
     </span>
    </p>
   </div>
   <div class='ocr_carea' id='block_1_24' title="bbox 924 1482 1380 1675">
    <p class='ocr_par' dir='ltr' id='par_1_29' title="bbox 924 1482 1380 1675">
     <span class='ocr_line' id='line_1_55' title="bbox 924 1482 1380 1516; baseline -0.007 -1"><span class='ocrx_word' id='word_1_140' title='bbox 924 1484 1062 1516; x_wconf 78' lang='lat' dir='ltr'>Sanctus</span> <span class='ocrx_word' id='word_1_141' title='bbox 1091 1486 1228 1514; x_wconf 83' lang='lat' dir='ltr'>contuso</span> <span class='ocrx_word' id='word_1_142' title='bbox 1257 1482 1380 1512; x_wconf 77' lang='lat' dir='ltr'>vertice</span> 
     </span>
     <span class='ocr_line' id='line_1_56' title="bbox 973 1532 1314 1573; baseline -0.006 -9"><span class='ocrx_word' id='word_1_143' title='bbox 973 1532 1135 1573; x_wconf 69' lang='lat' dir='ltr'>Martyrio</span> <span class='ocrx_word' id='word_1_144' title='bbox 1164 1535 1314 1563; x_wconf 75' lang='lat' dir='ltr'>sacratur</span> 
     </span>
     <span class='ocr_line' id='line_1_57' title="bbox 925 1580 1375 1615; baseline -0.009 0"><span class='ocrx_word' id='word_1_145' title='bbox 925 1583 966 1615; x_wconf 85' lang='lat' dir='ltr'>Et</span> <span class='ocrx_word' id='word_1_146' title='bbox 995 1583 1041 1613; x_wconf 82' lang='lat' dir='ltr'>sic</span> <span class='ocrx_word' id='word_1_147' title='bbox 1069 1592 1086 1614; x_wconf 81' lang='lat' dir='ltr'>a</span> <span class='ocrx_word' id='word_1_148' title='bbox 1115 1590 1240 1612; x_wconf 84' lang='lat' dir='ltr'>summo</span> <span class='ocrx_word' id='word_1_149' title='bbox 1267 1580 1375 1611; x_wconf 75' lang='lat' dir='ltr'>iudice</span> 
     </span>
     <span class='ocr_line' id='line_1_58' title="bbox 974 1628 1347 1675; baseline -0.005 -12"><span class='ocrx_word' id='word_1_150' title='bbox 974 1628 1134 1675; x_wconf 84' lang='lat' dir='ltr'>[Honore]</span> <span class='ocrx_word' id='word_1_151' title='bbox 1163 1634 1347 1662; x_wconf 86' lang='lat' dir='ltr'>coronatur.</span> 
     </span>
    </p>
   </div>
   <div class='ocr_carea' id='block_1_25' title="bbox 890 1717 1357 1753">
    <p class='ocr_par' dir='ltr' id='par_1_30' title="bbox 890 1717 1357 1753">
     <span class='ocr_line' id='line_1_59' title="bbox 890 1717 1357 1753; baseline -0.004 -2"><span class='ocrx_word' id='word_1_152' title='bbox 890 1744 895 1751; x_wconf 94' lang='lat'><em>.</em></span> <span class='ocrx_word' id='word_1_153' title='bbox 927 1722 1086 1753; x_wconf 84' lang='lat' dir='ltr'>Innocens</span> <span class='ocrx_word' id='word_1_154' title='bbox 1114 1720 1176 1751; x_wconf 87' lang='lat' dir='ltr'>iste</span> <span class='ocrx_word' id='word_1_155' title='bbox 1206 1717 1357 1750; x_wconf 77' lang='lat' dir='ltr'>inanibus</span> 
     </span>
    </p>
   </div>
   <div class='ocr_carea' id='block_1_26' title="bbox 924 1765 1498 1900">
    <p class='ocr_par' dir='ltr' id='par_1_31' title="bbox 924 1765 1498 1900">
     <span class='ocr_line' id='line_1_60' title="bbox 972 1765 1498 1811; baseline -0.006 -10"><span class='ocrx_word' id='word_1_156' title='bbox 972 1768 1135 1801; x_wconf 83' lang='lat' dir='ltr'>Ascendit</span> <span class='ocrx_word' id='word_1_157' title='bbox 1164 1765 1338 1811; x_wconf 72' lang='lat' dir='ltr'>[montem]</span> <span class='ocrx_word' id='word_1_158' title='bbox 1368 1767 1498 1800; x_wconf 82' lang='lat' dir='ltr'>Domini</span> 
     </span>
     <span class='ocr_line' id='line_1_61' title="bbox 924 1816 1415 1857; baseline -0.008 -6"><span class='ocrx_word' id='word_1_159' title='bbox 924 1818 967 1851; x_wconf 82' lang='lat' dir='ltr'>Et</span> <span class='ocrx_word' id='word_1_160' title='bbox 994 1823 1127 1850; x_wconf 70' lang='lat' dir='ltr'>sanctae</span> <span class='ocrx_word' id='word_1_161' title='bbox 1154 1818 1237 1857; x_wconf 69' lang='lat' dir='ltr'>legis</span> <span class='ocrx_word' id='word_1_162' title='bbox 1264 1816 1415 1856; x_wconf 81' lang='lat' dir='ltr'>passibus</span> 
     </span>
     <span class='ocr_line' id='line_1_62' title="bbox 973 1867 1405 1900; baseline 0 0"><span class='ocrx_word' id='word_1_163' title='bbox 973 1868 1082 1900; x_wconf 80' lang='lat' dir='ltr'>Servit</span> <span class='ocrx_word' id='word_1_164' title='bbox 1111 1871 1245 1898; x_wconf 80' lang='lat' dir='ltr'>aeterno</span> <span class='ocrx_word' id='word_1_165' title='bbox 1271 1867 1405 1900; x_wconf 80' lang='lat' dir='ltr'>nuniini.</span> 
     </span>
    </p>
   </div>
   <div class='ocr_carea' id='block_1_27' title="bbox 924 1953 1436 2138">
    <p class='ocr_par' dir='ltr' id='par_1_32' title="bbox 924 1953 1366 2043">
     <span class='ocr_line' id='line_1_63' title="bbox 924 1953 1350 1990; baseline -0.009 -1"><span class='ocrx_word' id='word_1_166' title='bbox 924 1958 1013 1990; x_wconf 77' lang='lat' dir='ltr'>Iuste</span> <span class='ocrx_word' id='word_1_167' title='bbox 1040 1957 1144 1988; x_wconf 83' lang='lat' dir='ltr'>iustus</span> <span class='ocrx_word' id='word_1_168' title='bbox 1172 1953 1350 1987; x_wconf 80' lang='lat' dir='ltr'>laetabitur</span> 
     </span>
     <span class='ocr_line' id='line_1_64' title="bbox 970 2005 1366 2043; baseline -0.01 -4"><span class='ocrx_word' id='word_1_169' title='bbox 970 2006 1006 2038; x_wconf 88' lang='lat' dir='ltr'>In</span> <span class='ocrx_word' id='word_1_170' title='bbox 1034 2010 1167 2038; x_wconf 75' lang='lat' dir='ltr'>auctore</span> <span class='ocrx_word' id='word_1_171' title='bbox 1194 2005 1366 2043; x_wconf 79' lang='lat' dir='ltr'>bonorum,</span> 
     </span>
    </p>

    <p class='ocr_par' dir='ltr' id='par_1_33' title="bbox 926 2054 1436 2138">
     <span class='ocr_line' id='line_1_65' title="bbox 926 2054 1436 2097; baseline -0.012 -7"><span class='ocrx_word' id='word_1_172' title='bbox 926 2058 961 2090; x_wconf 90' lang='lat' dir='ltr'>ln</span> <span class='ocrx_word' id='word_1_173' title='bbox 990 2065 1052 2096; x_wconf 86' lang='lat' dir='ltr'>quo</span> <span class='ocrx_word' id='word_1_174' title='bbox 1080 2063 1217 2097; x_wconf 83' lang='lat' dir='ltr'>sperans</span> <span class='ocrx_word' id='word_1_175' title='bbox 1246 2054 1436 2085; x_wconf 79' lang='lat' dir='ltr'>laudabitur</span> 
     </span>
     <span class='ocr_line' id='line_1_66' title="bbox 973 2103 1376 2138; baseline -0.002 -1"><span class='ocrx_word' id='word_1_176' title='bbox 973 2103 1151 2138; x_wconf 76' lang='lat' dir='ltr'>Rectitudo</span> <span class='ocrx_word' id='word_1_177' title='bbox 1177 2107 1376 2136; x_wconf 79' lang='lat' dir='ltr'>sanctoruni.</span> 
     </span>
    </p>
   </div>
   <div class='ocr_carea' id='block_1_28' title="bbox 1065 2223 1278 2258">
    <p class='ocr_par' dir='ltr' id='par_1_34' title="bbox 1065 2223 1278 2258">
     <span class='ocr_line' id='line_1_67' title="bbox 1065 2223 1278 2258; baseline -0.019 -8"><span class='ocrx_word' id='word_1_178' title='bbox 1065 2223 1278 2258; x_wconf 69' lang='lat' dir='ltr'>Responsoria.</span> 
     </span>
    </p>
   </div>
   <div class='ocr_carea' id='block_1_29' title="bbox 887 2291 1448 2334">
    <p class='ocr_par' dir='ltr' id='par_1_35' title="bbox 887 2291 1448 2334">
     <span class='ocr_line' id='line_1_68' title="bbox 887 2291 1448 2334; baseline -0.012 -7"><span class='ocrx_word' id='word_1_179' title='bbox 887 2319 894 2326; x_wconf 93' lang='lat'><em>.</em></span> <span class='ocrx_word' id='word_1_180' title='bbox 924 2292 1013 2327; x_wconf 88' lang='lat' dir='ltr'>Urbs</span> <span class='ocrx_word' id='word_1_181' title='bbox 1041 2292 1211 2334; x_wconf 86' lang='lat' dir='ltr'>praecelsa</span> <span class='ocrx_word' id='word_1_182' title='bbox 1241 2291 1448 2329; x_wconf 61' lang='lat' dir='ltr'>venetorum,</span> 
     </span>
    </p>
   </div>
   <div class='ocr_carea' id='block_1_30' title="bbox 921 2340 1470 2572">
    <p class='ocr_par' dir='ltr' id='par_1_36' title="bbox 921 2340 1470 2572">
     <span class='ocr_line' id='line_1_69' title="bbox 973 2340 1343 2379; baseline -0.014 -4"><span class='ocrx_word' id='word_1_183' title='bbox 973 2342 1102 2375; x_wconf 85' lang='lat' dir='ltr'>Laudes</span> <span class='ocrx_word' id='word_1_184' title='bbox 1130 2342 1191 2373; x_wconf 88' lang='lat' dir='ltr'>Dei</span> <span class='ocrx_word' id='word_1_185' title='bbox 1219 2340 1343 2379; x_wconf 71' lang='lat' dir='ltr'>nuntia,</span> 
     </span>
     <span class='ocr_line' id='line_1_70' title="bbox 922 2391 1335 2425; baseline -0.01 -1"><span class='ocrx_word' id='word_1_186' title='bbox 922 2392 1087 2425; x_wconf 73' lang='lat' dir='ltr'>Decorato.</span> <span class='ocrx_word' id='word_1_187' title='bbox 1112 2391 1184 2423; x_wconf 84' lang='lat' dir='ltr'>luce</span> <span class='ocrx_word' id='word_1_188' title='bbox 1211 2399 1335 2423; x_wconf 84' lang='lat' dir='ltr'>morum</span> 
     </span>
     <span class='ocr_line' id='line_1_71' title="bbox 973 2441 1282 2482; baseline -0.013 -9"><span class='ocrx_word' id='word_1_189' title='bbox 973 2441 1035 2473; x_wconf 86' lang='lat' dir='ltr'>Dei</span> <span class='ocrx_word' id='word_1_190' title='bbox 1062 2441 1282 2482; x_wconf 70' lang='lat' dir='ltr'>providentia,</span> 
     </span>
     <span class='ocr_line' id='line_1_72' title="bbox 921 2487 1470 2532; baseline -0.011 -9"><span class='ocrx_word' id='word_1_191' title='bbox 921 2491 983 2532; x_wconf 85' lang='lat' dir='ltr'>Qui</span> <span class='ocrx_word' id='word_1_192' title='bbox 1010 2489 1196 2523; x_wconf 87' lang='lat' dir='ltr'>Gerardum</span> <span class='ocrx_word' id='word_1_193' title='bbox 1231 2490 1286 2521; x_wconf 86' lang='lat' dir='ltr'>dat</span> <span class='ocrx_word' id='word_1_194' title='bbox 1317 2487 1470 2519; x_wconf 80' lang='lat' dir='ltr'>decorum</span> 
     </span>
     <span class='ocr_line' id='line_1_73' title="bbox 974 2539 1298 2572; baseline -0.012 0"><span class='ocrx_word' id='word_1_195' title='bbox 974 2539 1066 2572; x_wconf 82' lang='lat' dir='ltr'>Intra</span> <span class='ocrx_word' id='word_1_196' title='bbox 1091 2544 1147 2572; x_wconf 80' lang='lat' dir='ltr'>tua</span> <span class='ocrx_word' id='word_1_197' title='bbox 1174 2539 1298 2570; x_wconf 74' lang='lat' dir='ltr'>liininn.</span> 
     </span>
    </p>
   </div>
  </div>
 </body>
</html>
