1650 2727
682 151 921 188 -43-

256 251 302 284 In
338 252 370 285 2.
407 249 642 287 nocturno.

349 327 553 365 Antiphonae.

162 418 194 452 1.
222 418 260 451 In
288 416 511 451 fundamentis

273 467 336 500 rite
361 465 536 500 aedificata
561 468 724 508 supernis,

221 515 313 549 Inter
338 516 498 549 laetantes

270 564 318 597 ibi
348 575 408 598 nos
435 564 586 597 habitare
611 566 768 606 preceris,

162 654 197 688 2.
226 653 353 686 Psallat
378 657 491 686 nostra
519 653 587 686 Deo

275 703 406 735 socialis
433 706 541 735 turma
567 702 717 744 benigno.

223 751 285 792 Qui
314 755 424 784 tantae
451 752 566 784 matris

274 810 332 833 nos
360 801 445 834 ditat
470 810 604 833 munere
631 801 738 842 digno.

161 889 194 922 3.
222 888 379 921 Exsultet
406 894 505 931 terra,

270 938 436 971 laetentur
462 942 493 970 et
521 939 606 971 atria
630 943 754 979 nostra,

223 987 314 1027 Quae
342 986 501 1020 Dominus
527 988 624 1028 gleba

272 1036 348 1076 pius
375 1036 553 1068 illustravit
579 1037 711 1070 honore.

162 1126 195 1157 4.
224 1123 362 1156 Cantica
389 1133 471 1165 quae
497 1124 637 1157 Domino

273 1173 416 1206 modulis
445 1173 533 1205 canis
560 1174 761 1217 altisonoris‚

222 1222 363 1262 Protege
388 1231 446 1255 nos
471 1222 597 1254 meritis

270 1274 304 1302 et
315 1280 404 1303 nunc
418 1274 452 1303 et
464 1271 498 1303 in
507 1271 657 1304 omnibus
667 1273 769 1307 horis,

159 1362 191 1393 5.
222 1358 341 1393 Sancte
367 1368 467 1401 super
495 1360 671 1393 Cherubim

269 1409 419 1441 residens
446 1409 590 1450 oculosa,
621 1419 741 1443 canoro

219 1457 373 1491 Carmine
399 1462 451 1490 ter
477 1462 624 1490 sanctum

267 1506 470 1540 modulantia
491 1508 622 1540 numine
636 1508 767 1551 simplo,

157 1597 191 1629 6.
219 1595 366 1637 Suscipe,
394 1605 474 1637 quas
500 1596 614 1628 laudes

269 1646 416 1678 canimus
436 1644 497 1676 tibi
511 1646 662 1686 supplice
680 1650 766 1689 voto,

218 1694 365 1735 Cumque
392 1698 449 1727 tua
475 1703 597 1735 sponsa

269 1745 323 1784 pie
341 1754 402 1778 nos
421 1752 520 1784 super
538 1748 628 1777 astra
645 1745 766 1779 levato.

335 1851 550 1888 Responsoria.

155 1932 187 1967 1.
215 1931 375 1965 Desolata
403 1933 473 1965 viro

265 1982 429 2023 migrante
454 1981 554 2014 beata
578 1982 692 2024 virago

217 2030 338 2064 Cuncta
368 2030 438 2064 fere
467 2035 580 2072 spreto

263 2080 350 2121 pede
364 2080 510 2123 reppulit
521 2080 633 2114 infima
643 2082 763 2126 saeclo,

150 2130 189 2164 V.
218 2129 412 2163 Permutans
439 2130 531 2171 pullo

265 2180 436 2213 rutilantia
462 2178 613 2213 flammea
642 2180 724 2216 velo.

152 2269 184 2305 2.
212 2268 299 2302 Dum
326 2273 441 2302 sancta
467 2269 630 2312 explorat,

262 2329 326 2361 quo
345 2319 423 2352 diva
442 2318 632 2352 habitacula
650 2323 764 2360 ponat,

213 2369 376 2410 Angelioo
401 2369 472 2402 visu

261 2427 362 2460 super
396 2418 458 2452 hac
488 2426 524 2450 re
551 2417 764 2461 certificatur,

149 2467 188 2502 V.
215 2467 487 2509 Monstraturque
513 2467 604 2500 locus

263 2518 370 2551 Vallis
396 2517 490 2560 prius
507 2517 621 2550 Aurea
644 2517 765 2551 dictuS.

845 250 878 286 3.
905 250 1064 285 Omnibus
1092 251 1268 283 exstructis

981 299 1056 332 dum
1076 302 1180 332 mater
1203 303 1323 332 tractat
1346 300 1472 343 herilis,

905 349 1060 389 Quisnam
1089 349 1167 381 illuc
1193 348 1334 382 Domino

955 396 1114 430 famulatu
1140 397 1256 429 militet
1284 399 1375 442 ordo,

905 446 1095 488 Virginibus
1120 449 1233 486 saepta

956 496 1024 527 visa
1051 499 1101 527 est
1127 495 1189 527 sibi
1216 495 1308 536 virgo
1331 495 1450 538 Maria,

831 544 870 578 V.
905 543 958 576 Sic
991 544 1204 576 monstrando
1230 544 1335 576 locum

957 594 1151 626 monialibus
1179 593 1426 628 instituendum.

949 723 995 755 In
1023 723 1055 757 3.
1085 722 1318 755 Nocturno.

1030 790 1076 817 Ad
1098 790 1233 817 Cantica.

835 870 876 903 A.
908 869 1003 902 Felix
1031 875 1145 908 mater,
1173 879 1232 901 ave

955 919 1117 960 longaque
1142 919 1176 950 iu
1203 919 1335 950 saecula
1360 919 1477 960 gaude,

910 968 995 1000 Vera
1021 968 1082 1000 Dei
1110 967 1240 1007 cultrix,

955 1017 1067 1049 mundi
1095 1016 1273 1050 fortissima
1300 1017 1430 1053 victrix,

906 1067 1054 1108 Oramus,
1082 1066 1223 1106 domina,

955 1115 1002 1147 sic
1036 1116 1149 1155 accipe
1185 1115 1311 1147 cantica
1340 1120 1462 1157 nostra,

906 1164 949 1197 Ut
975 1167 1080 1196 tecum
1105 1165 1137 1196 in
1164 1164 1292 1204 superis

955 1213 1130 1254 coniungas
1155 1213 1274 1253 gaudia
1303 1217 1425 1246 nostra.

1028 1320 1242 1355 Responsoria.

845 1400 875 1432 1.
905 1399 1121 1440 Temporibus
1151 1399 1268 1439 priscis

954 1458 1037 1489 aqua
1073 1449 1184 1480 deerat
1219 1449 1352 1480 sedibus
1379 1450 1462 1489 istis,

904 1497 1001 1530 Unde
1028 1502 1164 1537 gravata
1193 1494 1326 1541 [Deum]

936 1548 1011 1579 dum
1020 1552 1135 1579 saneta
1142 1553 1333 1587 exposceret
1343 1549 1475 1588 almum,

901 1596 991 1628 Fons
1019 1602 1191 1636 certusque
1218 1596 1308 1628 locus

953 1645 1016 1677 sibi
1043 1646 1180 1677 caelitus
1207 1645 1402 1689 insinuatur,

830 1694 869 1727 V.
901 1695 962 1735 Qui
990 1695 1102 1727 Virtus
1131 1693 1238 1727 dictus

952 1743 1036 1776 iacet
1064 1744 1106 1776 ad
1138 1744 1202 1776 tria
1230 1744 1319 1776 milia
1346 1754 1473 1785 passus,

842 1834 874 1869 2.
903 1833 987 1866 Illuc
1015 1843 1086 1865 cum
1115 1832 1200 1865 libra

946 1892 1148 1915 nummorum
1173 1887 1286 1915 sancta
1312 1882 1474 1925 profecta,

903 1932 1080 1972 Postquam
1108 1941 1167 1973 pro
1195 1933 1301 1972 pretio

951 1980 1015 2014 fuit
1040 1982 1099 2013 illa
1125 1981 1253 2014 solvere
1279 1986 1424 2023 praesto,

904 2031 1071 2064 Pertrahit
1098 2040 1177 2064 arva
1206 2031 1322 2066 colum.

953 2081 1000 2112 sic
1028 2081 1116 2113 ducit
1144 2080 1187 2112 ad
1214 2090 1271 2112 sua
1300 2082 1416 2121 rivum,

827 2131 866 2165 V.
904 2131 974 2170 Quo
1001 2129 1070 2162 fluit
1099 2139 1200 2170 usque
1228 2130 1335 2165 hodie.

949 2188 1083 2212 servans
1108 2180 1298 2220 cognomina
1324 2181 1454 2214 Librae.

837 2269 870 2304 3.
898 2268 994 2301 Felix
1021 2273 1053 2301 et
1079 2269 1218 2302 Domino

949 2319 1137 2359 gratissima
1155 2318 1256 2350 Berta
1284 2327 1450 2362 supremo,

902 2367 986 2400 Dum
1015 2377 1075 2409 per
1102 2368 1304 2409 multiplices

950 2417 1072 2449 mundo
1098 2417 1267 2450 obluctata
1295 2416 1424 2449 labores

901 2466 1037 2500 Testata
1063 2472 1124 2507 est,
1153 2467 1275 2500 Christi

950 2520 1105 2557 quantum
1135 2515 1272 2548 victoria
1297 2516 1412 2557 possit,
