1651 2728
675 105 832 142 -24

274 204 319 236 In
356 204 386 237 1.
423 204 655 239 Nocturno.

357 271 567 308 Responsoria.

205 364 213 373 .
239 340 349 373 Mater
374 345 474 383 casta,
502 341 557 381 pia

286 398 368 431 rosa,
397 390 484 422 mitis
511 391 610 431 virgo,
638 390 748 423 Maria

237 438 393 479 Concepit
417 437 528 471 florem

286 495 345 518 nec
363 487 510 527 perdidit
524 488 594 528 ipsa
610 486 777 527 pudorem,

206 560 214 568 .
242 535 333 567 Haec
359 535 581 576 impraegnata

287 584 449 617 Christum
477 585 563 624 parit
591 584 755 619 inviolata.

209 691 214 696 .
241 661 371 694 Florem
399 662 490 703 virga
516 662 614 701 parit,

286 719 380 750 quam
396 710 454 742 flos
463 711 553 750 prius
562 709 633 750 ipse
647 711 780 751 creavit,

206 787 212 793 .
239 759 336 790 Teste
362 760 535 800 prophetia

288 807 374 839 Deus
394 813 442 839 est
460 806 529 844 flos,
555 809 645 849 virga
664 808 780 841 Maria.

204 912 208 917 .
237 884 333 925 Virga
362 885 451 917 dedit
478 884 588 917 florem

288 939 409 966 castum
432 935 592 967 servando
611 934 780 976 pudorem,

241 982 388 1014 Iustitiae
415 983 526 1023 solem,

291 1031 394 1070 patris
421 1040 480 1070 per
498 1031 626 1063 saecula
645 1031 780 1071 prolem.

211 1104 219 1111 .
248 1078 395 1111 Gaudeat
422 1081 524 1111 omnis
551 1080 656 1119 homo,

289 1128 437 1167 quoniam
463 1130 589 1168 peperit
608 1128 662 1168 pia
681 1115 781 1168 virgo.

243 1175 353 1208 Gloria
383 1177 492 1209 divino

291 1225 331 1256 sit
360 1226 436 1265 regi,
466 1225 593 1257 nomine
620 1225 715 1257 trin0.

414 1321 516 1348 Prosa.

244 1379 341 1412 Pater
368 1388 427 1420 per
451 1381 578 1412 saecula

243 1426 400 1468 Sponsam
427 1429 468 1460 ad
495 1430 604 1460 oscula

293 1476 412 1509 Invitat
440 1478 608 1517 virginem,

242 1525 499 1558 Adulescentula

246 1573 422 1606 Confestim
451 1575 583 1606 credula

295 1621 405 1663 Gignit
432 1624 654 1664 propaginem.

245 1700 310 1732 Res
338 1701 419 1733 mira
445 1701 578 1741 geritur.

243 1749 370 1782 Vilibus
397 1750 516 1790 tegitur

294 1798 357 1830 Hic
380 1798 489 1830 infans
514 1798 669 1838 vestibnS,

241 1848 310 1887 Quo
335 1848 404 1880 solo
430 1848 561 1888 regitur,

246 1896 412 1937 Quidquid
439 1896 621 1938 concipitur

294 1945 332 1978 In
358 1945 469 1977 mundi
495 1944 624 1977 finibus

247 2023 359 2056 Hostis
386 2022 555 2064 perfidiam

249 2071 321 2105 Non
349 2081 408 2113 per
434 2071 584 2104 iniuriam

296 2122 359 2155 Hic
386 2120 481 2162 fregit
509 2120 674 2161 parvulus.

247 2170 405 2203 Precatur
430 2170 581 2205 Mariam,

247 2219 387 2252 Matrem
414 2223 445 2250 et
471 2218 581 2258 filiam,

297 2268 422 2301 Fidelis
448 2268 598 2309 populus,

248 2345 386 2380 Auferat
412 2346 493 2379 haec
516 2345 644 2387 molem,

299 2396 514 2438 frangantque
520 2393 706 2436 precamina
713 2402 790 2434 pro-

559 2443 633 2478 lem.

970 205 1016 238 In
1053 204 1084 238 2.
1121 202 1360 235 Nocturno.

1056 295 1268 331 Responsoria.

903 409 910 418 .
937 386 1008 418 Ave
1035 382 1152 416 festiva
1181 382 1312 415 ferculis

987 432 1168 466 Salomonis
1194 432 1341 472 conviva,

936 482 1034 523 Regis
1060 490 1159 514 aurea

986 531 1206 563 conscendens
1232 527 1385 568 triclinia,

937 579 1002 613 Pro
1028 581 1102 619 agni
1129 578 1288 611 occisione

987 633 1111 668 martyr
1136 636 1301 669 purpurea
1328 630 1445 666 mente,

938 678 1003 711 Pro
1028 677 1133 718 gratia

988 725 1224 758 benedictionis

938 775 1113 815 Argenteis

989 823 1119 855 suffulta
1147 821 1302 854 colonnis.

910 913 917 920 .
944 886 1057 918 Monte
1082 885 1207 917 Libano
1234 885 1336 926 magis

989 933 1130 966 candida
1158 934 1259 973 virgo,

939 984 965 1016 O
992 992 1087 1024 qnam
1117 982 1274 1014 terribilis

987 1032 1018 1064 in
1045 1031 1160 1063 ordine
1188 1030 1333 1063 caritatis

939 1080 1083 1113 Transiit
1110 1089 1170 1120 per
1194 1079 1317 1111 medias

939 1130 1115 1162 Ierusalem
1143 1129 1238 1160 filias.

906 1273 913 1280 .
937 1246 1044 1278 Maria
1071 1245 1303 1287 sacratissima,

989 1295 1050 1326 Dei
1077 1298 1182 1328 mater
1208 1297 1238 1325 et
1267 1293 1417 1333 hominis,

941 1343 1031 1384 Roga
1058 1349 1179 1379 natum,
1209 1342 1367 1384 piissima,

991 1392 1040 1424 Ne
1066 1401 1124 1424 nos
1149 1391 1189 1423 ob
1209 1391 1321 1431 culpas
1341 1390 1488 1423 criminis

943 1441 1067 1473 Tradat
1093 1441 1125 1472 in
1153 1439 1383 1472 obscurissima

991 1490 1078 1521 Loca
1104 1488 1251 1529 poenalis
1279 1487 1434 1521 fulminis.

909 1564 916 1571 .
945 1539 1042 1572 Cuius
1069 1537 1235 1579 praesidio

991 1587 1050 1618 toti
1077 1587 1278 1618 succurritur
1303 1586 1386 1627 orbi,

943 1636 1044 1668 Posce
1071 1636 1134 1667 reis
1161 1635 1288 1667 veniam

992 1684 1084 1716 nobis
1109 1693 1180 1716 cum
1208 1685 1300 1725 prole
1328 1683 1434 1717 beata.

911 1832 918 1839 .
945 1805 1037 1837 Haec
1064 1810 1113 1837 est
1140 1810 1244 1838 mater
1269 1806 1490 1847 triumphalis,

994 1854 1111 1886 Mundi
1137 1856 1226 1887 salus
1251 1856 1359 1895 unica,

944 1903 1045 1936 Cuius
1070 1903 1144 1936 aula
1171 1904 1340 1945 virginalis

999 1952 1084 1984 Voce
1109 1952 1170 1984 sub
1196 1952 1345 1993 angelica

1045 2001 1151 2033 Verbo
1177 1999 1384 2043 fecundatur,

945 2050 1039 2090 Quod
1066 2058 1105 2082 ex
1132 2051 1237 2091 patris
1263 2051 1433 2084 voluntate

995 2098 1217 2131 Obumbrante
1242 2100 1373 2142 spiritu,

995 2147 1117 2179 Fracto
1142 2157 1309 2188 nunquam
1336 2149 1430 2182 aditu

948 2196 1019 2229 Nec
1044 2196 1190 2230 abscissa
1215 2198 1364 2230 trinitate

1043 2245 1132 2278 Deus
1158 2246 1364 2287 humanatur,

882 2293 924 2330 V.
950 2293 997 2327 Ut
1020 2303 1080 2326 nos
1105 2295 1209 2327 salvet
1236 2306 1255 2328 a
1280 2296 1437 2337 peccatis,

995 2343 1082 2384 Quos
1108 2344 1162 2377 lex
1188 2345 1257 2377 eius
1283 2346 1421 2388 sauciat,

998 2391 1041 2425 Et
1068 2393 1207 2425 heredes
1233 2394 1344 2433 faciat,

950 2440 1035 2474 Suae
1061 2443 1206 2482 pietatis.
