1650 2727
743 146 986 182 -94-

203 245 237 279 2.
265 244 458 285 Disciplinis

313 294 431 326 amodo
457 293 582 333 imbuti,

262 342 468 375 Dicebantur

312 393 366 433 qui
393 392 556 432 quondam
583 392 697 432 astuti,

264 440 362 473 Surdi
388 441 513 482 sedent,
542 442 634 481 quasi
661 442 751 485 muti,

263 490 451 530 Conqueror
476 490 514 521 il-

311 539 368 570 lud
395 547 537 570 summae
564 539 686 578 virtuti,

260 588 352 628 Quod
379 587 569 619 subtilia

311 636 523 676 Nequaquam
551 640 715 676 curantur,

263 685 332 716 Nec
359 690 406 716 est
433 685 540 726 modo,

310 737 407 774 prout
434 732 494 765 fuit
520 736 607 766 ante.

263 783 346 814 Vere
373 783 491 814 scimus

311 840 407 863 sensu
433 831 607 872 mediante,

262 880 401 912 Ratione
428 879 670 920 comprobante,

261 928 466 960 Antichristo

311 978 374 1008 iam
401 977 694 1018 appropinquante,

263 1026 325 1057 Per
352 1026 570 1057 scurrilia

313 1074 423 1106 divina
450 1073 612 1114 fugantur,

263 1124 387 1155 Paucos
414 1124 461 1153 uti

311 1171 471 1202 cernimus
497 1171 628 1211 virtute,

264 1220 381 1251 Vivunt
409 1220 505 1251 besti-

311 1269 407 1300 aliter
433 1273 465 1299 et
491 1268 595 1309 brute,

263 1318 344 1357 Quia
372 1318 481 1348 vilia

316 1367 376 1397 Per
402 1366 459 1397 lios
486 1366 689 1398 adamantur.

905 246 938 279 3.
965 245 1040 286 Eia,
1069 255 1154 288 rosa,

1015 294 1107 326 verbi
1133 294 1196 328 Dei
1222 298 1336 338 mater,

961 343 1058 375 Hunc
1083 343 1226 383 lactasti,

1011 392 1065 433 qui
1092 396 1141 424 est
1167 392 1255 424 Deus
1281 395 1386 432 pater,

960 441 1110 474 Christus
1144 440 1250 473 fertur
1274 444 1391 472 noster
1416 439 1532 484 frater,

964 489 1015 522 Ne
1041 499 1099 522 nos
1124 499 1265 530 unquam

1014 541 1101 571 terat
1125 539 1263 571 daemon
1290 542 1361 570 ater

964 587 1295 628 Multipliciter

1013 637 1145 675 tuearis,
1175 636 1238 671 dia.

965 684 1064 717 Salva
1091 694 1187 727 vagos

1013 733 1072 765 tibi
1097 734 1289 776 servientes,

964 782 1110 814 Benedic
1136 782 1186 814 his

1015 831 1099 862 dona
1123 831 1324 872 tribuentes;

965 879 1111 911 Tenaces
1137 883 1213 911 sunt
1237 880 1318 912 viles
1345 884 1468 922 gentes,

965 927 1025 960 Isti
1052 937 1182 968 semper

1013 976 1078 1008 sint
1106 976 1305 1010 deficientes.

964 1025 1010 1057 Te
1037 1026 1317 1065 suppliciter

1015 1074 1239 1116 deprecamur,
1266 1075 1332 1116 pia.

962 1121 1169 1162 Adoptamus

1011 1171 1120 1212 largos
1147 1171 1311 1211 honorari,

963 1220 1043 1253 Cum
1070 1221 1192 1252 sanctis
1218 1221 1251 1252 in

1013 1269 1110 1300 caelis
1138 1270 1288 1301 coronari

962 1317 1013 1348 Da
1040 1316 1244 1350 feliciter

1012 1365 1081 1405 hos,
1110 1366 1201 1406 virgo
1227 1366 1346 1399 Maria.

268 1462 388 1489 Collect.
420 1471 471 1488 ms.
494 1462 675 1488 Stiriacense
703 1470 779 1488 saec.
810 1459 853 1488 15.
877 1460 947 1488 Cod.
971 1462 1128 1488 Stiriacen.
1151 1462 1176 1489 L
1206 1460 1244 1489 2⁴3.
1265 1467 1298 1492 (s.
1320 1464 1368 1496 11.).
1390 1477 1429 1482 --
1451 1462 1483 1496 l,
1512 1462 1531 1490 5

189 1501 292 1528 Litera
319 1505 394 1527 sunt.
427 1515 458 1520 —
493 1499 521 1531 1,
551 1498 568 1525 6
597 1500 715 1536 planda.
744 1515 781 1518 --
809 1499 837 1533 1,
867 1498 884 1527 9
906 1499 1044 1527 Omnino.
1070 1516 1101 1518 —
1126 1499 1155 1532 2,
1188 1499 1201 1528 1
1231 1510 1274 1537 sq.
1296 1502 1410 1529 Amodo
1440 1502 1530 1530 disei-

188 1539 289 1577 plinis.
316 1555 354 1558 —
375 1537 407 1571 2,
436 1538 454 1565 3
475 1548 518 1574 sq.
541 1540 600 1572 Qui
622 1539 771 1574 qnondam
794 1539 979 1567 dicebantur.
1001 1555 1039 1558 —
1061 1537 1093 1573 2,
1119 1537 1154 1567 18
1176 1549 1219 1576 sq.
1242 1542 1390 1568 cernimus
1412 1542 1467 1569 uti.
1491 1556 1528 1560 —

187 1577 214 1612 3,
237 1577 253 1605 7
275 1582 393 1606 terreat.
417 1593 452 1596 ——
474 1578 500 1608 3,
523 1577 557 1605 13
580 1579 786 1606 retribuentes
808 1593 846 1596 —
867 1575 893 1611 3,
918 1576 954 1605 19
976 1587 1019 1614 sq.
1042 1579 1157 1614 Lai-gos
1179 1579 1365 1615 adoptamus.
