1650 2727
708 128 947 164 —70-

629 223 676 254 88.
718 223 761 254 Do
782 222 887 255 Poena
907 223 1045 255 Petenti.

195 308 254 340 la.
284 307 356 340 Eva
382 308 487 341 virum

337 357 429 389 dedit
454 358 487 389 in
513 362 661 396 mortem,

284 405 402 438 Omnes
429 415 499 438 eam

333 455 497 495 sequimur
522 459 663 495 sortem·,

194 543 255 576 2³.
284 542 401 574 Pulsus
427 544 460 575 in
486 542 570 574 hane
595 543 736 583 patriam

281 591 408 624 Patitur
434 591 616 633 miseriam3

328 640 414 672 Proh
445 640 546 681 dolor,

328 689 414 720 Proh
443 689 555 721 dolor!

191 780 210 809 :J
224 786 252 810 a.
283 777 421 817 Surgunt
448 777 571 817 spinae.

329 826 452 859 tribuli.

189 918 209 946 4
222 924 251 947 a.
281 915 462 946 Humillimi

193 1005 251 1034 52.
281 1003 361 1039 Eva.
389 1008 504 1038 mater,

329 1051 417 1090 paris
442 1052 473 1083 in
500 1051 657 1088 tristitiaz,

192 1139 252 1171 621.
281 1138 374 1170 Sorte
402 1138 453 1170 hic
482 1138 601 1178 degunt
629 1138 758 1181 misera,

327 1188 412 1226 Quos
442 1188 553 1228 vipera

327 1235 471 1267 Letifera

899 311 917 344 1
931 309 964 342 b.
992 309 1200 343 Perdidimus

1035 358 1116 390 caeli
1143 359 1320 397 cohortem.

987 406 1098 439 Gemit
1121 406 1216 439 homo

1035 465 1070 487 se
1096 455 1170 486 hinc
1196 459 1373 488 exsortem.

895 541 960 576 2b.
990 543 1028 574 Iu
1054 542 1173 574 sudore
1200 542 1350 582 corporis

986 590 1123 624 Cursum
1151 591 1273 624 habens
1302 591 1478 632 temporis;

1035 639 1200 681 Corporis,

1033 689 1215 728 Temporis.

896 779 915 810 3
928 776 958 810 b.
987 777 1175 817 operantur

1034 825 1138 858 exsuli

896 917 917 947 4
929 913 959 946 b.
989 913 1166 946 simillimi.

899 1001 959 1035 5b.
988 1001 1162 1034 Terribilis

1036 1051 1111 1083 data
1139 1054 1187 1081 est
1214 1051 1384 1083 sententia.

896 1138 958 1172 6b.
988 1138 1105 1170 Trudit
1132 1138 1212 1170 sede
1240 1137 1280 1169 de
1308 1147 1426 1179 supera

1033 1188 1086 1219 Ad
1114 1185 1232 1226 infera,

1032 1237 1084 1268 Ad
1113 1234 1219 1268 infera

630 1324 658 1355 7.
688 1323 772 1356 Sede
799 1323 840 1355 de
867 1332 996 1364 supera.

238 1411 326 1447 Tr0p⁴
359 1420 411 1437 ms.
442 1411 635 1438 Martiale—nse
669 1419 744 1437 saec.
780 1408 823 1438 12.
848 1409 905 1441 (13.
938 1409 994 1442 14.)
1026 1411 1097 1438 Cod.
1120 1410 1248 1437 Par-isin.
1280 1409 1363 1438 1139.
1391 1425 1429 1431 —
1450 1412 1508 1439 Mit

161 1449 230 1477 Mel.
254 1451 283 1476 iu
305 1450 449 1477 Neumen.
471 1464 508 1469 μ
530 1449 584 1481 4³,
617 1450 627 1477 1
654 1450 842 1478 Humillimo.
865 1464 899 1468 —
923 1448 979 1481 4b,
1011 1449 1021 1476 1
1047 1449 1108 1477 Sub
1130 1449 1266 1476 millinio.
1289 1464 1325 1468 —
1347 1450 1400 1482 512,
1424 1448 1442 1477 2
1462 1454 1507 1478 est

163 1488 245 1516 fehlt.
267 1503 303 1507 —
326 1487 384 1516 6a.
418 1489 428 1516 1
460 1490 509 1516 hic
538 1489 648 1525 legunt.
671 1506 707 1508 —
731 1488 789 1520 63,
819 1487 837 1516 2
859 1489 933 1523 Quo.
958 1504 991 1507 —
1015 1487 1070 1521 61),
1100 1487 1112 1515 l
1137 1488 1253 1516 Strudit
1273 1489 1380 1517 sedens
1402 1489 1446 1517 de.
1469 1504 1506 1509 —

158 1526 183 1558 7,
210 1527 221 1554 1
247 1528 359 1556 Sedens
381 1529 424 1556 cle.

695 1614 743 1645 89.
788 1613 829 1645 De
852 1613 960 1645 Mox-te.

223 1701 251 1732 1.
282 1701 379 1733 Deus.
408 1709 501 1741 quam
531 1700 637 1733 brevis
665 1705 713 1732 est

329 1750 404 1781 Vita
433 1750 633 1782 mortalium!

379 1798 443 1831 Suo
469 1799 555 1839 perit
581 1803 764 1840 augmento.

278 1848 359 1880 Eam
387 1848 413 1879 si
442 1857 611 1887 compares

328 1897 381 1929 Ad
410 1898 481 1929 aevi
509 1898 660 1938 spatium,

378 1946 436 1978 Vix
450 1956 510 1987 par
520 1950 566 1977 est
579 1950 613 1978 ut
624 1950 796 1980 momento.

218 2035 250 2068 2.
280 2034 321 2067 Ut
351 2033 456 2066 fumus
485 2033 605 2076 deficit,

328 2083 423 2116 Cadit
450 2088 484 2115 ut
513 2081 636 2122 folium,

375 2133 467 2172 Quod
494 2131 620 2171 rapitur
645 2141 663 2163 a
691 2135 798 2163 vento.

279 2181 341 2214 Fili
369 2180 553 2220 putredinis

325 2229 367 2262 Et
392 2229 483 2261 cibus
510 2229 677 2267 vermium,

375 2278 480 2310 Homo
494 2278 578 2317 quod
595 2282 655 2315 est,
672 2282 845 2310 memento.

241 2366 368 2402 Tropar.
395 2374 448 2393 ms.
470 2365 666 2392 Martialense
695 2372 771 2392 saec.
803 2361 847 2390 12.
874 2361 933 2397 (13.
956 2361 1012 2396 14.)
1032 2363 1104 2391 Cod.
1126 2362 1255 2391 Parisin.
1280 2362 1365 2393 1139.
1386 2380 1424 2386 -
1451 2367 1508 2396 Die

159 2405 303 2433 Initialen
336 2404 388 2432 der
414 2403 564 2439 Strophen
595 2403 693 2431 fehlen
727 2402 931 2440 durchgiingig
962 2400 1050 2434 (doch
1079 2400 1163 2430 nieht
1191 2403 1223 2430 in
1253 2405 1313 2430 Str.
1344 2403 1382 2441 1);
1419 2406 1508 2435 sollte

156 2444 242 2472 indes
265 2445 348 2472 nicht
368 2443 443 2471 doch
467 2443 551 2471 Heus
572 2446 645 2470 statt
665 2442 747 2470 Deus
769 2450 806 2470 zu
827 2442 909 2470 lesen
930 2441 1014 2470 sein?
1035 2456 1072 2460 -
1092 2438 1120 2472 4,
1146 2439 1159 2468 1
1184 2441 1350 2471 Districtis.
1377 2460 1415 2466 -
1438 2444 1468 2479 4,
1491 2447 1510 2473 3

157 2483 245 2518 Quid.
270 2501 305 2504 —
326 2482 353 2514 4,
375 2481 392 2509 5
412 2482 532 2519 gaudio.

924 1703 955 1735 3.
985 1701 1028 1733 Ni
1054 1706 1182 1741 tempus
1209 1701 1362 1741 redimas,

1032 1750 1115 1783 Dum
1145 1750 1244 1782 habes
1271 1750 1423 1791 spatium,

1131 1799 1224 1831 Mors
1243 1798 1309 1831 cita
1327 1800 1388 1833 tibi
1408 1798 1505 1832 lento.

983 1848 1057 1880 Heu
1083 1857 1144 1886 me,
1173 1849 1251 1888 quid
1279 1846 1407 1890 faciam,

1033 1898 1113 1931 cum
1139 1897 1181 1928 ad
1207 1896 1363 1929 iudicium

1076 1946 1210 1985 Surgam
1227 1946 1267 1977 de
1279 1945 1507 1979 monumento?

923 2037 954 2068 4.
983 2032 1135 2065 Districti
1162 2032 1280 2064 iudicis

1031 2081 1130 2114 Stans
1156 2081 1198 2113 ad
1228 2083 1429 2122 praetorium

1079 2132 1149 2170 Quo
1176 2128 1268 2162 fruar
1289 2131 1507 2172 argumento?

982 2180 1082 2218 Quam
1112 2176 1191 2210 felix
1220 2178 1336 2211 fuerim

1031 2227 1163 2260 Intrans
1187 2227 1220 2259 in
1248 2229 1403 2267 gaudium

1082 2277 1243 2308 Lucratus
1271 2277 1312 2308 de
1338 2279 1480 2311 talento!
