1650 2727
719 180 984 219 —148—

306 280 353 313 In
382 283 416 315 2.
444 280 683 314 Nocturno.

393 348 594 384 Antiphonae.

210 418 242 452 1.
270 418 442 460 virgineas
468 423 593 452 mentes

318 468 463 507 miroque
488 469 613 507 pudore
637 468 778 501 nitentes

270 516 424 557 Replevit
450 517 547 548 citius

317 565 463 606 spiritus,
492 574 578 605 ecce,
607 565 691 605 pius.

233 668 240 675 .
267 644 404 682 Quando
431 643 535 674 virum
562 642 659 674 flebat

315 691 500 731 laniataque
527 692 616 724 crine
646 691 776 724 dolebat

269 739 398 772 Gemitu
426 740 507 771 miro

318 798 436 829 sponsa
463 788 578 820 relicta
605 789 685 827 viro,

237 890 243 896 .
273 865 364 897 Tunc
391 867 514 897 animos
542 867 684 898 vincunt.

317 923 396 955 opes
405 915 608 954 patriamque
618 913 816 955 relinquunt,

270 962 487 994 Perdiderant
516 967 650 994 matrem

319 1011 564 1051 destituuntque
591 1014 729 1050 patrem.

388 1107 600 1141 Responsoria.

237 1194 243 1200 .
272 1167 409 1207 Templa
435 1170 575 1203 struunt,
604 1165 752 1207 vigilant,

320 1216 475 1253 ieiunant,
504 1214 623 1255 iugiter
648 1219 754 1256 orant,

274 1264 389 1296 Carnis
417 1262 561 1295 membra
591 1264 723 1295 domant

321 1313 516 1351 Christoque
545 1313 674 1352 placere
699 1311 860 1355 laborant,

237 1388 244 1395 .
273 1362 364 1394 Haec
391 1369 506 1399 nempe
533 1361 644 1392 mundi
671 1361 791 1399 gaudia

270 1410 314 1442 Et
343 1409 565 1441 blandimenta
592 1409 688 1440 noxia

272 1458 404 1490 Caduca
431 1458 493 1489 rite
521 1458 689 1498 deputant.

241 1563 247 1570 .
276 1536 417 1569 Dolebat
444 1545 501 1576 pa-

322 1590 372 1617 ter
397 1586 509 1625 lugens
537 1586 680 1623 nimium,

276 1634 422 1665 Coniunx
449 1635 543 1666 cessit

321 1683 442 1714 nullum
470 1683 575 1726 (hine)
603 1683 784 1727 consilium,

274 1732 351 1770 Quis
379 1741 476 1771 super
503 1731 553 1763 his

325 1780 414 1812 dabit
442 1782 607 1813 auxilium.

239 1854 245 1862 .
274 1827 428 1861 Fuerunt
454 1829 503 1860 illi
528 1830 687 1861 lacrimae

272 1886 354 1909 suae
376 1887 482 1918 panes
510 1879 562 1910 die
588 1888 628 1910 ac
653 1881 756 1913 nocte.

316 2005 361 2036 In
389 2006 421 2038 3.
450 2003 687 2038 Nocturno.

395 2070 596 2106 Antiphonae.

238 2168 245 2175 .
274 2141 328 2173 Sic
355 2141 436 2173 duce
462 2140 622 2172 Marcello

323 2189 453 2222 devicto
480 2189 619 2229 denique
645 2188 732 2222 bello

273 2239 406 2272 Comum
435 2242 512 2269 tunc
538 2242 697 2278 quaerunt

323 2289 472 2327 donaque
499 2286 601 2319 multa
627 2285 747 2320 ferunt.

239 2393 246 2400 .
274 2367 379 2407 Igitur
406 2365 458 2397 hic
484 2369 577 2398 orant

324 2415 559 2456 commissaque
577 2413 715 2446 crimina
731 2413 864 2454 plorant

275 2465 440 2506 Pluraque
465 2463 589 2505 templa
614 2465 757 2506 struunt,

324 2514 457 2547 flumina
482 2521 586 2554 prope
612 2510 726 2546 fluunt.

919 285 951 318 3.
979 283 1072 317 Finis
1099 283 1146 315 sic
1174 282 1260 314 vitae

1024 330 1087 363 fuit
1112 332 1178 363 illis
1205 329 1345 370 denique
1371 329 1445 367 rite,

977 381 1122 420 Suntque
1148 379 1261 412 labore
1289 378 1380 411 brevi

1026 437 1125 469 regna
1146 432 1257 460 secuta
1283 426 1358 460 Dei.

1091 543 1303 580 Responsoria.

915 625 945 658 1.
973 624 1147 664 Virgineos
1174 628 1264 655 artus

1024 672 1162 713 replevit
1188 671 1326 712 spiritus
1353 671 1470 713 almus,

974 721 1117 758 Funera,
1146 730 1216 753 cum
1243 718 1344 752 flebat

1024 770 1163 802 coniunx
1189 769 1306 802 orbata
1332 769 1460 801 marito.

909 819 946 852 V.
974 819 1124 851 Deduxit
1149 828 1202 851 eos
1228 817 1400 852 Dominus
1426 817 1461 848 in

971 869 1105 908 portum
1131 867 1307 907 voluptatis
1333 875 1425 900 suae.

917 975 951 1007 2.
980 973 1035 1006 Sic
1063 971 1193 1004 Comum
1223 978 1413 1014 properant,

1025 1020 1141 1060 opibus
1153 1021 1344 1064 patriaeque
1356 1021 1523 1062 resignant

975 1069 1199 1109 Armillasque
1227 1068 1336 1101 ferunt

1026 1122 1058 1149 et
1084 1127 1219 1150 munera
1244 1117 1383 1157 plurima
1403 1126 1522 1151 secum.

916 1167 954 1202 V.
983 1167 1052 1199 Has
1078 1166 1181 1198 iustus
1209 1166 1365 1206 sequitur,

1028 1216 1206 1248 Marcellus
1225 1223 1341 1256 nempe
1361 1215 1526 1250 sacerdos

923 1325 957 1357 3.
986 1322 1074 1356 Urbs
1101 1323 1269 1356 Comensis
1296 1323 1488 1364 gratuletur,

979 1371 1119 1413 Hyinnis
1146 1377 1215 1403 tota
1240 1371 1438 1404 iucundetur

1026 1420 1134 1452 Hodie
1160 1421 1360 1463 clementius,

975 1470 1078 1510 Quam
1096 1470 1250 1501 thesauro
1270 1474 1334 1502 tam
1354 1469 1526 1510 praeclaro

1027 1518 1221 1551 Sublimavit
1248 1518 1417 1552 Dominus.

912 1569 955 1601 V.
983 1566 1139 1601 Gaudeat
1161 1571 1252 1601 terra
1271 1571 1397 1610 nostra,
1425 1569 1527 1601 tantis

978 1615 1147 1649 irradiata
1183 1617 1370 1658 fulyoribus
1397 1619 1426 1649 et
1451 1620 1528 1650 tan·

978 1669 1091 1698 tarum
1143 1666 1312 1707 viryinum
1355 1666 1528 1707 splendore

981 1714 1133 1758 lustrata,
1151 1716 1250 1748 totius
1265 1715 1390 1748 saeculi
1406 1716 1530 1749 sentiat

980 1773 1014 1796 se
1040 1765 1192 1798 amisisse
1218 1764 1406 1805 caliyinem.

1045 1931 1089 1962 In
1124 1931 1360 1966 Laudibus.

1102 2018 1172 2046 Anti
1176 2019 1304 2055 phonae.

918 2115 949 2149 1.
978 2115 1004 2147 Ο
1030 2113 1109 2148 felix
1137 2117 1320 2158 virginitas,

1029 2173 1110 2203 quae
1125 2165 1257 2198 Christo
1276 2166 1353 2200 dum
1376 2167 1531 2212 attendit,

979 2211 1114 2244 Omnem
1166 2214 1280 2246 mundi
1304 2216 1443 2257 gloriam

1028 2269 1163 2300 prorsus
1190 2262 1376 2303 vilipendit.

921 2368 954 2400 2.
983 2367 1086 2407 Quam
1114 2366 1193 2400 felix
1219 2372 1430 2413 germanitas,

1028 2425 1111 2456 quae
1136 2425 1172 2448 se
1197 2417 1296 2451 talem
1324 2422 1485 2467 exhibuit,

978 2464 1073 2505 Quod
1099 2465 1132 2497 in
1161 2465 1244 2497 caeli
1271 2469 1353 2501 solio

1030 2521 1213 2546 consociari
1239 2519 1368 2554 meruit.
