1650 2727
652 144 699 148 —
753 124 821 159 170
873 141 916 148 -

154 224 187 255 5.
214 223 325 256 Timor
351 226 384 254 et
407 223 544 256 attentio
854 224 887 256 6.
915 221 1027 253 Timor
1051 223 1102 254 est
1125 220 1160 253 in
1185 218 1314 260 inferis,

217 271 297 304 Sunt
322 272 441 304 scholis
466 273 500 305 in
526 272 642 314 pretio,
915 271 984 311 Quo
1011 269 1212 302 concordant
1238 267 1377 309 superis,

262 323 358 361 Puer,
385 322 441 362 qui
467 322 689 362 assumpserit,
963 319 1045 351 Nam
1073 317 1144 351 sine
1170 316 1347 350 concordia

213 371 296 403 Puer
322 370 355 402 in
383 370 444 403 hoc
469 370 566 411 bivio,
912 368 1017 400 Error
1042 371 1090 400 est
1116 366 1149 398 in
1176 366 1303 408 ceteris,

212 419 247 452 Si
272 419 367 452 floret
392 419 532 460 ingenie,
914 417 1003 449 Haec
1029 419 1105 449 sunt
1130 415 1231 448 verba
1259 413 1389 454 veteriS,

264 468 480 510 Triumphare
505 470 637 510 poterit.
961 467 1020 506 Qui
1047 464 1183 498 timebat
1208 463 1328 497 omnia.

501 567 531 600 7.
561 566 672 598 Timor
699 566 727 596 ei
754 565 916 606 poculum,

562 616 655 647 Vitae
681 614 901 646 habitaculum

607 665 644 695 In
671 667 804 695 aeterna
830 662 933 702 gloria

558 712 634 754 Dat,
662 714 688 744 si
716 712 801 743 hunc
827 709 972 743 timuerit

558 762 730 801 Ipsumque
756 761 900 801 sapuerit

606 812 696 842 Aeva
722 818 781 850 per
809 808 941 840 solacia.

193 908 354 934 Uantiones
376 907 447 934 Piae
471 904 545 933 1582
568 906 616 932 fol.
639 907 667 933 Μ
690 907 707 933 3
731 905 756 931 b.
773 905 956 940 {Kleinming
972 905 1022 937 IV,
1045 902 1104 931 66.)
1128 917 1163 921 —
1184 904 1242 931 Str.
1264 902 1282 930 2
1305 901 1391 930 kelirt
1412 903 1458 930 als

109 944 261 1022 ξεέἃῐοιξξὶι
292 945 372 973 allen
397 945 546 981 Stropheu
576 945 699 975 wieder,
730 945 767 970 ist
797 945 868 971 aber
890 943 1099 980 urspriinglich
1122 942 1206 969 nicht
1228 943 1272 970 als
1294 942 1457 969 Rundreim

594 1087 661 1118 208.
703 1086 853 1118 Planctus
874 1086 967 1126 vagi.

150 1181 178 1212 1.
209 1180 324 1212 Aliena
351 1180 520 1219 provincia
849 1180 879 1212 3.
908 1178 1006 1210 Miles
1031 1187 1145 1219 essem,
1175 1178 1383 1219 equitassem,

209 1227 390 1262 conturbat
415 1237 465 1259 me
491 1227 632 1266 miseria,
909 1226 1009 1259 Latro
1036 1235 1150 1268 essem,
1179 1227 1382 1269 spoliassem,

210 1278 278 1309 lam
305 1276 415 1309 deficit
440 1276 632 1318 substantia,
908 1275 982 1307 Non
1017 1285 1085 1307 sum
1117 1275 1203 1307 latro
1231 1284 1334 1316 neque
1361 1275 1457 1308 miles

207 1324 348 1357 Evanuit
374 1325 509 1359 laetitia.
909 1323 973 1356 Sed
1001 1323 1123 1357 Phoebi
1159 1333 1285 1364 pauper
1311 1324 1455 1357 satelles.

149 1424 180 1456 2.
208 1422 258 1455 De
285 1422 454 1464 provincia
481 1422 645 1461 expulsus,
850 1424 881 1455 4.
909 1421 1090 1454 Monachus
1118 1430 1188 1453 esse
1214 1430 1349 1463 nequeo,

208 1471 244 1503 In
271 1471 405 1512 angaria
432 1471 626 1511 destructus,
907 1470 1053 1502 Eremita
1079 1479 1142 1502 non
1169 1471 1283 1513 audeo,

208 1521 276 1552 lam
305 1519 410 1551 factus
437 1529 506 1551 sum
533 1524 566 1550 ut
594 1520 706 1555 laicus,
907 1519 1098 1551 Mendicare
1124 1519 1282 1552 erubesco

209 1568 407 1609 Constringit
432 1578 482 1600 me
510 1568 694 1601 vilissimus,
907 1567 948 1598 Et
977 1567 1090 1600 fodere
1116 1577 1179 1600 non
1206 1569 1310 1601 valeo.

475 1663 529 1698 R⁰
556 1665 581 1698 O
608 1665 752 1698 salvator
779 1665 971 1702 mortalium,

557 1714 747 1746 Consolator
772 1714 927 1754 fidelium,

554 1764 617 1795 Per
642 1768 674 1794 te
700 1762 788 1795 Dens
814 1772 871 1795 nos
897 1762 1035 1795 salvavit

553 1812 595 1843 Et
619 1822 638 1843 a
663 1814 766 1844 morte
790 1811 954 1844 liberavit.

189 1910 352 1938 cantiones
374 1909 446 1936 Piae
472 1906 545 1937 1582
567 1909 616 1936 fol.
638 1909 670 1936 M
691 1908 709 1936 4
730 1917 756 1935 a.
777 1907 961 1944 (Klemming
974 1909 1027 1941 IV,
1049 1906 1106 1943 72.)
1127 1923 1163 1927 —
1186 1907 1233 1937 R⁰
1254 1908 1335 1937 steht
1356 1909 1456 1938 hinter

111 1950 169 1979 Str.
194 1948 218 1977 l.
235 1965 271 1969 —
290 1949 314 1983 l,
340 1947 351 1975 1
369 1948 441 1976 Sum
457 1950 487 1975 in
503 1947 610 1976 aliena.
627 1964 664 1968 ——
679 1947 706 1981 2,
731 1947 743 1974 l
762 1956 826 1975 sum
842 1947 992 1984 expulsus.
1011 1962 1046 1967 —
1062 1947 1088 1981 2,
1110 1946 1128 1975 2
1143 1957 1207 1975 sum
1225 1949 1401 1977 destructus.
1419 1964 1458 1970 —-

107 1989 136 2022 4,
159 1988 173 2016 l
196 1998 261 2017 esse
281 1997 342 2016 non
362 1988 460 2015 valeo.
480 2003 517 2006 —
539 1985 567 2019 4,
587 1986 606 2015 4
627 1988 727 2015 fodere
748 1988 809 2014 iam
829 1996 953 2023 nequeo·
976 2003 1013 2006 —
1036 1986 1082 2016 R⁰
1105 1987 1184 2015 steht
1204 1987 1304 2016 hinter
1327 1991 1388 2016 Str.
1411 1988 1438 2017 l.

513 2132 582 2164 209.
625 2130 777 2164 Invitatio
801 2131 841 2162 ad
862 2130 1055 2164 convivium.

148 2227 179 2259 1.
207 2226 233 2259 O
259 2224 434 2264 scholares,
849 2226 880 2258 2.
910 2224 979 2257 Iam
1005 2223 1048 2256 ad
1075 2222 1192 2255 festum

207 2275 293 2307 Voce
319 2282 426 2315 pares,
909 2273 1010 2305 Modo
1036 2276 1193 2304 maestum

254 2325 323 2356 Iam
349 2331 475 2356 mecum
502 2322 661 2356 concinite
959 2320 1133 2354 Servitutis
1160 2322 1260 2354 studii

206 2373 247 2406 Et
276 2373 426 2405 choream
910 2370 1031 2403 Noster
1058 2373 1168 2403 coetus

206 2422 385 2456 Iubilaeam
913 2419 1029 2462 Speret
1055 2421 1161 2452 laetus

254 2471 390 2511 Semper
416 2480 542 2504 mecum
569 2470 687 2505 ducite.
961 2469 1089 2502 Nobilis
1117 2470 1268 2506 convivii,
