1650 2727
690 149 955 186 -142-

182 247 243 280 8a.
271 246 331 280 Cui
360 251 493 279 aeterua

885 247 951 282 8b.
977 247 1043 281 Pro
1069 255 1211 287 superna

320 296 398 330 Cum
426 295 530 337 gloria
1023 295 1171 328 Victoria

371 344 419 377 Sit
445 345 515 377 laus
543 349 731 378 cunctorum
1074 344 1112 376 In
1137 342 1339 376 saeculorum

419 393 539 426 Sedula
1122 391 1270 425 Saecula.

789 569 853 605 111.

182 678 242 711 1a.
272 678 410 709 Cantate
437 677 574 715 cantica,
602 676 691 719 socii,
886 675 949 709 lb.
976 675 1151 708 Consortes
1177 674 1258 706 tanti
1286 672 1420 713 negotii,

319 725 431 760 Crucis
458 725 577 762 signati
1022 723 1197 755 Laetemur
1223 722 1320 762 parili

369 774 566 807 charactere.
1074 770 1218 804 foedere.

180 873 240 905 2a.
269 871 373 913 Culpa
399 871 585 913 liberemur,
880 868 945 904 2b.
974 869 1051 901 Vita
1077 872 1241 910 reparata,

266 921 473 956 inundemur,
974 917 1087 959 Beata,

268 970 448 1010 Purgemur
971 965 1103 997 Donata

314 1019 343 1050 A
372 1016 493 1049 fomite.
1021 1013 1204 1055 Recipitur‚

265 1066 395 1098 Laudes
423 1065 676 1105 congaudentes,
971 1062 1056 1095 Dum
1084 1066 1216 1094 nostrae
1243 1061 1405 1094 corhortis

268 1115 474 1155 plaudentes,
970 1111 1070 1144 Plebs
1097 1111 1211 1143 mortis

268 1164 448 1196 psallentes
969 1161 998 1192 A
1029 1160 1133 1200 portis

314 1211 514 1252 Depromite.
1018 1209 1181 1249 Eripitur.

177 1312 237 1345 Sa,
266 1310 429 1342 Christum
458 1310 582 1352 ducem,
881 1307 943 1341 3b.
974 1307 1108 1340 Cunctis
1135 1307 1216 1338 locis

265 1359 324 1399 Qui
351 1367 410 1399 per
436 1366 564 1390 crucem
972 1357 1038 1389 Piis
1065 1356 1156 1396 iocis,

265 1407 332 1439 Nos
360 1406 401 1438 ad
429 1407 533 1438 lucem
970 1404 1085 1437 Dulcis
1112 1405 1200 1437 vocis

315 1455 415 1488 Duxit
442 1457 579 1494 gratiae.
1021 1453 1118 1486 Claro
1144 1453 1254 1485 studio

262 1506 476 1540 Veneremur,
972 1502 1198 1543 personemus,

260 1554 443 1590 Imitemur,
971 1551 1203 1592 Decantemus,

262 1601 477 1635 Gratulemur
971 1600 1149 1632 Iubilemus

319 1650 424 1682 Laeta
450 1648 543 1681 facie.
1021 1649 1100 1682 Cum
1129 1649 1286 1689 tripudio,

180 1750 243 1781 4a.
271 1749 380 1785 Pater,
400 1750 505 1788 natus,
525 1755 652 1780 sacrum
672 1746 789 1779 flamen
883 1745 947 1779 4b.
976 1746 1044 1778 Nos
1069 1748 1202 1779 veniens
1229 1747 1271 1779 ad
1299 1755 1448 1786 examen,

270 1796 334 1828 Det
362 1795 454 1828 nobis
473 1804 563 1835 spem
583 1800 613 1826 et
633 1796 788 1838 solamen,
972 1796 1124 1830 Christus
1135 1796 1236 1830 iudex
1248 1797 1362 1830 salvet.
1380 1796 1497 1829 Amen.

229 1894 301 1921 Piae
318 1894 479 1921 Cantiones
504 1892 578 1920 15ts2
599 1893 649 1920 sol.
672 1894 695 1920 F
717 1891 735 1920 2
755 1902 773 1921 a
795 1902 858 1930 sqq.
873 1892 1056 1930 (Klemming
1071 1894 1111 1927 ΙΙ,
1134 1892 1170 1921 74
1188 1894 1217 1921 ff,
1233 1894 1291 1922 alle
1306 1893 1370 1920 drei
1385 1893 1498 1921 Stficke

147 1933 192 1960 als
213 1933 300 1960 einen
324 1932 556 1967 .,Hymnus“.)
577 1947 613 1951 -—-
635 1933 674 1960 II.
695 1932 746 1966 5a,
761 1931 780 1960 4
800 1933 876 1960 locis
900 1932 1030 1960 dotibus.

544 2096 602 2127 176.
645 2096 679 2127 In
703 2094 947 2128 Resurrectione
969 2095 1104 2127 Domini.

917 2198 950 2230 2.
978 2198 1106 2238 Pastor,
1134 2198 1186 2237 qui
1216 2207 1275 2238 pro
1302 2197 1417 2230 ovibus

976 2246 1144 2277 Ducendis
1171 2246 1211 2277 ab
1238 2246 1404 2279 erroribus

1023 2294 1169 2326 Ponebat
1196 2296 1347 2333 animam,

976 2342 1097 2375 Libens
1122 2342 1211 2375 ferre
1238 2344 1338 2377 voluit

1025 2392 1139 2425 Crucis
1153 2401 1289 2432 poenam
1300 2394 1475 2428 maximam
1488 2407 1495 2435 ;

976 2440 1090 2480 Solvit,
1117 2450 1201 2482 quae
1227 2452 1290 2474 non
1318 2444 1437 2483 rapuit.

1027 2491 1088 2522 Per
1106 2494 1242 2522 mortem
1261 2492 1496 2532 turpissimam.

216 2199 246 2232 1.
275 2198 371 2231 Cedit
397 2196 498 2228 hiems
526 2198 660 2237 eminus,

273 2246 424 2279 Surrexit
461 2245 609 2278 Christus
636 2246 793 2278 Dominus

322 2295 475 2335 Tulitque
501 2294 638 2336 gaudia3

271 2345 377 2377 Vallis
404 2348 517 2375 nostra
543 2341 663 2384 floruit,

320 2393 534 2427 Reviviscunt
559 2392 664 2431 arida,

273 2445 446 2484 Postquam
475 2450 533 2473 ver
558 2441 699 2482 intepuit

321 2491 539 2526 Recalescunt
565 2489 697 2532 frigida.
