1650 2727
685 131 946 168 —134-

187 231 221 265 3.
247 231 463 264 Exsultarum
488 232 597 272 angeli
886 232 920 264 4.
946 231 1024 271 Ipse
1048 227 1128 260 fecit
1152 227 1317 261 bominem

297 279 382 313 Nato
409 280 471 313 Dei
496 279 574 321 filio,
996 277 1041 311 Et
1065 285 1137 309 eum
1163 276 1325 318 paenituit

246 329 456 362 Exsultemus
482 329 600 370 singuli
948 328 1057 366 Atque
1083 324 1169 358 fudit
1194 325 1383 365 sanguinem

292 379 330 411 In
355 379 419 410 isto
445 378 569 415 exsilio,
996 375 1040 408 Et
1065 376 1203 414 peccata
1227 372 1352 412 abluit;

247 427 330 460 Nam
354 427 493 460 humano
518 428 629 468 generi
951 423 1121 456 Pneumati
1146 422 1309 463 paraclito

297 476 392 509 Salus
419 481 451 508 et
476 476 659 517 redemptio
998 471 1105 505 Detur
1132 473 1203 504 laus
1230 474 1262 502 et
1288 469 1403 511 gloria,

245 525 344 558 Ortus
371 525 532 557 salutiferi
948 522 1026 554 Cum
1055 521 1143 561 patri
1170 523 1203 550 et
1228 518 1297 551 filio

292 574 393 606 Venit
418 574 459 606 ab
484 574 591 607 initio.
995 569 1062 603 Per
1087 574 1222 601 aeterna
1248 566 1391 600 saecula.

568 670 621 702 R0
650 671 686 703 In
714 669 840 702 Mariae
865 668 932 701 filio

648 719 770 752 Nostra
796 717 915 759 gaudet
943 716 1060 755 contio,

651 768 688 800 In
715 767 777 799 hoc
802 768 874 808 ipso
901 765 1038 808 parvulo

650 816 819 849 Salvatore
845 814 995 848 Domino.

228 914 301 941 Piae
317 912 478 940 Cantiones
503 910 576 939 1582
598 912 648 939 fol.
664 912 688 938 B
709 910 726 937 :3
749 911 775 937 b.
797 909 980 945 (Klemming
994 908 1034 940 11,
1057 906 1093 935 31
1110 908 1136 935 ff.
1154 907 1198 935 als
1215 904 1494 943 „Hymnus“.)—

151 951 175 983 1,
198 952 217 980 4
239 958 283 979 est
306 961 323 979 a
344 951 466 979 familia.
491 967 524 970 —
548 949 574 982 ¹2,
597 949 615 978 3
637 951 803 986 Mitigatur.

570 1103 630 1135 165.
675 1102 709 1133 ln
731 1101 912 1133 Nativitate
935 1100 1067 1132 Domini.

182 1197 213 1231 1.
242 1193 368 1230 Psallat
394 1196 577 1227 scholarum
605 1194 711 1227 contio
883 1196 916 1226 4.
944 1190 1102 1232 Respexit
1132 1201 1191 1224 nos
1220 1192 1375 1227 diluculo,

288 1246 325 1277 In
353 1245 411 1276 hoc
439 1244 599 1284 convivio,
993 1242 1053 1278 Qui
1081 1242 1175 1274 ardet
1203 1239 1350 1278 fulmine,

242 1293 306 1326 Sed
333 1293 458 1325 Mariae
484 1292 551 1325 filio
948 1291 1102 1324 Caritatis
1129 1290 1234 1325 oculo,

290 1343 361 1374 Non
389 1343 431 1373 sit
457 1341 589 1379 oblivio,
994 1340 1025 1372 A
1053 1339 1134 1371 caeli
1163 1339 1302 1371 culmine

242 1391 325 1423 Nam
353 1391 380 1422 is
409 1392 463 1422 dat
491 1391 612 1422 solacia
947 1388 1043 1420 Venit
1071 1388 1142 1431 huc,
1171 1391 1205 1420 ut
1233 1387 1387 1429 solveret,

242 1440 308 1472 Sua
333 1440 417 1471 bona
443 1439 547 1480 gratia
947 1438 1034 1478 Quos
1060 1442 1170 1468 aestus
1195 1437 1392 1475 involveret,

293 1488 506 1521 Stuslentibus
531 1488 564 1518 in
592 1488 698 1520 trivio,
995 1485 1145 1518 Christus
1172 1495 1229 1518 suo
1257 1484 1437 1517 fulcimine.

185 1587 218 1619 2.
247 1583 398 1620 Extinxit
425 1585 532 1625 ignem
559 1582 692 1615 sceleris
891 1584 922 1614 5.
954 1579 1074 1614 Venite
1101 1591 1177 1622 ergo
1203 1581 1265 1612 lilii

297 1634 360 1667 Hic
388 1633 483 1665 dator
508 1632 640 1673 gratiae,
997 1630 1093 1663 Hunc
1123 1630 1235 1663 florem
1262 1631 1382 1673 legere,

247 1684 390 1716 Exstans
419 1681 541 1713 fruetus
567 1679 710 1712 foederis
951 1680 995 1713 Ut
1022 1689 1081 1711 nos
1107 1685 1222 1720 partus
1249 1679 1308 1711 filii

296 1733 334 1764 ln
360 1731 448 1762 orbis
475 1730 555 1769 acie,
999 1729 1105 1762 Possit
1132 1732 1323 1769 protegere;

249 1781 311 1814 Per
337 1789 432 1820 quem
458 1783 594 1818 regnant
621 1777 725 1818 reguli
952 1777 1048 1809 Hunc
1074 1779 1180 1810 omnis
1204 1777 1335 1810 laieitas

250 1831 355 1870 Super
380 1828 490 1860 orbem
518 1827 638 1858 saeculi
952 1827 1029 1859 Oret
1057 1832 1089 1858 et
1116 1827 1292 1864 clericitas‚

300 1878 417 1912 Cuncti
441 1877 472 1908 in
500 1880 608 1907 terrae
636 1874 729 1909 facie.
1008 1875 1051 1908 Ut
1080 1876 1135 1908 det
1163 1885 1221 1908 nos
1248 1885 1357 1908 secum
1377 1884 1502 1918 regere.

191 1978 224 2011 3.
254 1974 367 2010 Totius
393 1976 460 2007 orci
487 1974 603 2006 saeviit
891 1975 922 2007 6.
951 1972 1113 2014 Seraphin
1141 1974 1254 2007 laudes
1283 1976 1457 2007 concinunt

298 2025 393 2058 Saevi
420 2023 576 2069 potentia,
1001 2023 1089 2056 Caeli
1117 2023 1253 2064 palatio,

250 2075 334 2108 Dum
362 2073 471 2113 puella
496 2071 605 2112 genuit
953 2072 1085 2106 Christo
1111 2072 1185 2104 Iesu
1211 2072 1361 2114 iubilent,

299 2123 361 2155 Dei
387 2121 568 2162 clementia,
1001 2121 1089 2161 Quos
1115 2121 1201 2162 regit
1225 2121 1322 2160 ratio,

250 2172 393 2205 Mundus
420 2171 548 2211 quidem
576 2169 672 2209 aruit,
893 2207 899 2213 ἡ
955 2169 1051 2201 Hunc
1076 2171 1180 2201 omnis
1206 2169 1322 2203 deifice

255 2221 319 2254 Sed
347 2221 410 2252 iam
437 2220 544 2251 virens
571 2218 687 2250 claruit
957 2217 1130 2250 Collaudet
1156 2217 1292 2250 mirifice

302 2271 345 2303 Et
372 2269 441 2301 eius
467 2267 562 2300 simul
590 2267 688 2300 entia.
1009 2265 1179 2306 Triplatae
1206 2267 1294 2300 vitae
1321 2269 1430 2303 statio.

236 2369 310 2396 Piae
340 2367 502 2394 cantiones
530 2363 765 2392 Ecclesiasticae
795 2360 869 2391 1582
896 2362 948 2390 fol.
975 2363 1001 2390 B
1028 2361 1046 2389 5
1074 2371 1100 2389 a.
1120 2361 1305 2401 (Klemming
1326 2366 1371 2398 ΙΙ,
1397 2365 1436 2393 45
1462 2367 1508 2395 als

158 2405 386 2445 „Hymnus“.)
407 2422 442 2425 —
467 2405 491 2437 1,
513 2401 531 2431 3
552 2403 616 2430 filii.
637 2417 675 2422 —
695 2400 723 2435 5,
747 2400 760 2429 1
784 2401 933 2430 Conemur
954 2410 1024 2439 ergo
1045 2410 1140 2438 gegen
1161 2402 1214 2430 das
1236 2403 1448 2432 Akrostichon.
1470 2421 1509 2426 —

155 2447 192 2482 5,
229 2447 246 2476 5
281 2447 378 2475 omnis
409 2445 548 2473 felicitas,
578 2458 616 2462 —
647 2440 680 2475 6,
719 2439 733 2468 1
766 2441 910 2469 Certatim
941 2440 1046 2469 laudes
1077 2450 1172 2478 gegen
1203 2441 1256 2468 das
1289 2443 1507 2483 Akrostichou3

155 2489 328 2516 concinent,
351 2500 388 2504 —
409 2483 435 2517 6,
456 2482 475 2512 3
489 2480 762 2519 Augenscheinlich
776 2480 955 2517 geanderter
965 2481 1052 2508 Vers.
1067 2495 1105 2500 -
1121 2481 1338 2509 Akrostiehon:
1361 2483 1509 2514 Petrus.
