<?xml version="1.0" encoding="UTF-8"?>
<!DOCTYPE html PUBLIC "-//W3C//DTD XHTML 1.0 Transitional//EN"
    "http://www.w3.org/TR/xhtml1/DTD/xhtml1-transitional.dtd">
<html xmlns="http://www.w3.org/1999/xhtml" xml:lang="en" lang="en">
 <head>
  <title>
</title>
<meta http-equiv="Content-Type" content="text/html;charset=utf-8" />
  <meta name='ocr-system' content='tesseract 3.04.00' />
  <meta name='ocr-capabilities' content='ocr_page ocr_carea ocr_par ocr_line ocrx_word'/>
</head>
<body>
  <div class='ocr_page' id='page_1' title='image "./lta-2000/analectahymnica45drevuoft/analectahymnica45drevuoft_0259.png"; bbox 0 0 1650 2727; ppageno 0'>
   <div class='ocr_carea' id='block_1_1' title="bbox 698 135 938 172">
    <p class='ocr_par' dir='ltr' id='par_1_1' title="bbox 698 135 938 172">
     <span class='ocr_line' id='line_1_1' title="bbox 698 135 938 172; baseline 0.004 -11"><span class='ocrx_word' id='word_1_1' title='bbox 698 135 938 172; x_wconf 65' lang='lat'>„44—</span> 
     </span>
    </p>
   </div>
   <div class='ocr_carea' id='block_1_2' title="bbox 145 231 709 513">
    <p class='ocr_par' dir='ltr' id='par_1_2' title="bbox 145 231 691 374">
     <span class='ocr_line' id='line_1_2' title="bbox 145 231 691 276; baseline 0.005 -10"><span class='ocrx_word' id='word_1_2' title='bbox 145 235 176 266; x_wconf 83' lang='lat'>5.</span> <span class='ocrx_word' id='word_1_3' title='bbox 205 231 282 275; x_wconf 85' lang='lat' dir='ltr'>Sed,</span> <span class='ocrx_word' id='word_1_4' title='bbox 311 234 397 274; x_wconf 88' lang='lat' dir='ltr'>quod</span> <span class='ocrx_word' id='word_1_5' title='bbox 423 235 533 276; x_wconf 84' lang='lat' dir='ltr'>nequit</span> <span class='ocrx_word' id='word_1_6' title='bbox 559 236 691 276; x_wconf 83' lang='lat' dir='ltr'>locutio,</span> 
     </span>
     <span class='ocr_line' id='line_1_3' title="bbox 204 280 651 324; baseline 0.009 -11"><span class='ocrx_word' id='word_1_7' title='bbox 204 280 341 323; x_wconf 84' lang='lat' dir='ltr'>Supplet</span> <span class='ocrx_word' id='word_1_8' title='bbox 368 285 484 316; x_wconf 83' lang='lat' dir='ltr'>mentis</span> <span class='ocrx_word' id='word_1_9' title='bbox 512 284 651 324; x_wconf 79' lang='lat' dir='ltr'>devotio,</span> 
     </span>
     <span class='ocr_line' id='line_1_4' title="bbox 203 330 652 374; baseline 0.007 -11"><span class='ocrx_word' id='word_1_10' title='bbox 203 330 252 363; x_wconf 89' lang='lat' dir='ltr'>Ob</span> <span class='ocrx_word' id='word_1_11' title='bbox 279 332 351 370; x_wconf 85' lang='lat' dir='ltr'>hoc,</span> <span class='ocrx_word' id='word_1_12' title='bbox 378 332 503 374; x_wconf 76' lang='lat' dir='ltr'>sother,</span> <span class='ocrx_word' id='word_1_13' title='bbox 530 333 652 366; x_wconf 85' lang='lat' dir='ltr'>auxilio</span> 
     </span>
    </p>

    <p class='ocr_par' dir='ltr' id='par_1_3' title="bbox 252 381 709 513">
     <span class='ocr_line' id='line_1_5' title="bbox 253 381 481 424; baseline 0.009 -12"><span class='ocrx_word' id='word_1_14' title='bbox 253 381 481 424; x_wconf 62' lang='lat' dir='ltr'>immutemus,</span> 
     </span>
     <span class='ocr_line' id='line_1_6' title="bbox 252 429 448 463; baseline 0 -1"><span class='ocrx_word' id='word_1_15' title='bbox 252 429 346 462; x_wconf 82' lang='lat' dir='ltr'>Doxa</span> <span class='ocrx_word' id='word_1_16' title='bbox 371 432 448 463; x_wconf 85' lang='lat' dir='ltr'>theo</span> 
     </span>
     <span class='ocr_line' id='line_1_7' title="bbox 306 480 709 513; baseline 0.005 -2"><span class='ocrx_word' id='word_1_17' title='bbox 306 480 337 511; x_wconf 90' lang='lat' dir='ltr'>in</span> <span class='ocrx_word' id='word_1_18' title='bbox 366 480 503 512; x_wconf 81' lang='lat' dir='ltr'>excelsis</span> <span class='ocrx_word' id='word_1_19' title='bbox 528 480 709 513; x_wconf 79' lang='lat' dir='ltr'>iubilemus,</span> 
     </span>
    </p>
   </div>
   <div class='ocr_carea' id='block_1_3' title="bbox 147 586 737 620">
    <p class='ocr_par' dir='ltr' id='par_1_4' title="bbox 147 586 737 620">
     <span class='ocr_line' id='line_1_8' title="bbox 147 586 737 620; baseline 0.003 -2"><span class='ocrx_word' id='word_1_20' title='bbox 147 587 179 618; x_wconf 91' lang='lat'>6.</span> <span class='ocrx_word' id='word_1_21' title='bbox 207 586 285 619; x_wconf 89' lang='lat' dir='ltr'>Cum</span> <span class='ocrx_word' id='word_1_22' title='bbox 314 587 410 619; x_wconf 87' lang='lat' dir='ltr'>turba</span> <span class='ocrx_word' id='word_1_23' title='bbox 435 592 558 620; x_wconf 86' lang='lat' dir='ltr'>stantes</span> <span class='ocrx_word' id='word_1_24' title='bbox 586 589 737 620; x_wconf 82' lang='lat' dir='ltr'>duodena</span> 
     </span>
    </p>
   </div>
   <div class='ocr_carea' id='block_1_4' title="bbox 208 636 753 675">
    <p class='ocr_par' dir='ltr' id='par_1_5' title="bbox 208 636 753 675">
     <span class='ocr_line' id='line_1_9' title="bbox 208 636 753 675; baseline 0.004 -8"><span class='ocrx_word' id='word_1_25' title='bbox 208 636 259 667; x_wconf 88' lang='lat' dir='ltr'>Ad</span> <span class='ocrx_word' id='word_1_26' title='bbox 290 645 432 668; x_wconf 79' lang='lat' dir='ltr'>mensam</span> <span class='ocrx_word' id='word_1_27' title='bbox 459 637 580 670; x_wconf 80' lang='lat' dir='ltr'>Christi</span> <span class='ocrx_word' id='word_1_28' title='bbox 607 637 639 668; x_wconf 88' lang='lat' dir='ltr'>in</span> <span class='ocrx_word' id='word_1_29' title='bbox 665 646 753 675; x_wconf 85' lang='lat' dir='ltr'>cena,</span> 
     </span>
    </p>
   </div>
   <div class='ocr_carea' id='block_1_5' title="bbox 208 684 710 864">
    <p class='ocr_par' dir='ltr' id='par_1_6' title="bbox 208 684 710 864">
     <span class='ocr_line' id='line_1_10' title="bbox 208 684 635 725; baseline 0 -8"><span class='ocrx_word' id='word_1_30' title='bbox 208 684 405 717; x_wconf 78' lang='lat' dir='ltr'>Alternatim</span> <span class='ocrx_word' id='word_1_31' title='bbox 433 694 511 716; x_wconf 81' lang='lat' dir='ltr'>voce</span> <span class='ocrx_word' id='word_1_32' title='bbox 538 685 635 725; x_wconf 74' lang='lat' dir='ltr'>plena</span> 
     </span>
     <span class='ocr_line' id='line_1_11' title="bbox 258 733 537 773; baseline 0 -9"><span class='ocrx_word' id='word_1_33' title='bbox 258 733 386 765; x_wconf 81' lang='lat' dir='ltr'>Laudes</span> <span class='ocrx_word' id='word_1_34' title='bbox 415 733 537 773; x_wconf 81' lang='lat' dir='ltr'>demus⁷</span> 
     </span>
     <span class='ocr_line' id='line_1_12' title="bbox 253 781 448 813; baseline 0 0"><span class='ocrx_word' id='word_1_35' title='bbox 253 781 346 813; x_wconf 79' lang='lat' dir='ltr'>Doxa</span> <span class='ocrx_word' id='word_1_36' title='bbox 373 782 448 813; x_wconf 79' lang='lat' dir='ltr'>theo</span> 
     </span>
     <span class='ocr_line' id='line_1_13' title="bbox 302 831 710 864; baseline 0.005 -3"><span class='ocrx_word' id='word_1_37' title='bbox 302 832 335 862; x_wconf 88' lang='lat' dir='ltr'>in</span> <span class='ocrx_word' id='word_1_38' title='bbox 364 831 500 862; x_wconf 72' lang='lat' dir='ltr'>excelsis</span> <span class='ocrx_word' id='word_1_39' title='bbox 526 831 710 864; x_wconf 77' lang='lat' dir='ltr'>iubilemus.</span> 
     </span>
    </p>
   </div>
   <div class='ocr_carea' id='block_1_6' title="bbox 145 938 163 969">
    <p class='ocr_par' dir='ltr' id='par_1_7' title="bbox 145 938 163 969">
     <span class='ocr_line' id='line_1_14' title="bbox 145 938 163 969; textangle 90"><span class='ocrx_word' id='word_1_40' title='bbox 145 938 163 969; x_wconf 53' lang='lat' dir='ltr'>x]</span> 
     </span>
    </p>
   </div>
   <div class='ocr_carea' id='block_1_7' title="bbox 171 937 718 1215">
    <p class='ocr_par' dir='ltr' id='par_1_8' title="bbox 171 937 718 1078">
     <span class='ocr_line' id='line_1_15' title="bbox 171 937 620 978; baseline 0.002 -10"><span class='ocrx_word' id='word_1_41' title='bbox 171 963 177 968; x_wconf 96' lang='lat'>.</span> <span class='ocrx_word' id='word_1_42' title='bbox 205 937 358 978; x_wconf 81' lang='lat' dir='ltr'>Expletis</span> <span class='ocrx_word' id='word_1_43' title='bbox 385 937 459 978; x_wconf 84' lang='lat' dir='ltr'>agni</span> <span class='ocrx_word' id='word_1_44' title='bbox 488 937 620 969; x_wconf 77' lang='lat' dir='ltr'>ferculis</span> 
     </span>
     <span class='ocr_line' id='line_1_16' title="bbox 207 985 663 1027; baseline -0.002 -9"><span class='ocrx_word' id='word_1_45' title='bbox 207 986 327 1018; x_wconf 81' lang='lat' dir='ltr'>Panem</span> <span class='ocrx_word' id='word_1_46' title='bbox 356 985 463 1027; x_wconf 80' lang='lat' dir='ltr'>fregit,</span> <span class='ocrx_word' id='word_1_47' title='bbox 493 986 663 1027; x_wconf 80' lang='lat' dir='ltr'>discipulis</span> 
     </span>
     <span class='ocr_line' id='line_1_17' title="bbox 206 1032 718 1078; baseline 0.002 -12"><span class='ocrx_word' id='word_1_48' title='bbox 206 1032 309 1078; x_wconf 79' lang='lat' dir='ltr'>[Suis]</span> <span class='ocrx_word' id='word_1_49' title='bbox 340 1034 450 1071; x_wconf 81' lang='lat' dir='ltr'>dedit;</span> <span class='ocrx_word' id='word_1_50' title='bbox 480 1044 549 1066; x_wconf 86' lang='lat' dir='ltr'>cum</span> <span class='ocrx_word' id='word_1_51' title='bbox 579 1035 718 1067; x_wconf 86' lang='lat' dir='ltr'>modulis</span> 
     </span>
    </p>

    <p class='ocr_par' dir='ltr' id='par_1_9' title="bbox 254 1080 711 1215">
     <span class='ocr_line' id='line_1_18' title="bbox 254 1080 583 1128; baseline 0 -14"><span class='ocrx_word' id='word_1_52' title='bbox 254 1080 378 1128; x_wconf 83' lang='lat' dir='ltr'>[Hunc]</span> <span class='ocrx_word' id='word_1_53' title='bbox 406 1084 583 1118; x_wconf 65' lang='lat' dir='ltr'>laudemus,</span> 
     </span>
     <span class='ocr_line' id='line_1_19' title="bbox 254 1132 448 1163; baseline -0.005 0"><span class='ocrx_word' id='word_1_54' title='bbox 254 1132 347 1163; x_wconf 83' lang='lat' dir='ltr'>Doxa</span> <span class='ocrx_word' id='word_1_55' title='bbox 374 1132 448 1163; x_wconf 81' lang='lat' dir='ltr'>tlieo</span> 
     </span>
     <span class='ocr_line' id='line_1_20' title="bbox 305 1181 711 1215; baseline 0 -3"><span class='ocrx_word' id='word_1_56' title='bbox 305 1182 337 1212; x_wconf 92' lang='lat' dir='ltr'>in</span> <span class='ocrx_word' id='word_1_57' title='bbox 365 1181 502 1212; x_wconf 74' lang='lat' dir='ltr'>excelsis</span> <span class='ocrx_word' id='word_1_58' title='bbox 531 1181 711 1215; x_wconf 82' lang='lat' dir='ltr'>iubilemus.</span> 
     </span>
    </p>
   </div>
   <div class='ocr_carea' id='block_1_8' title="bbox 149 1287 712 1565">
    <p class='ocr_par' dir='ltr' id='par_1_10' title="bbox 149 1287 712 1565">
     <span class='ocr_line' id='line_1_21' title="bbox 149 1287 611 1320; baseline -0.002 0"><span class='ocrx_word' id='word_1_59' title='bbox 149 1289 182 1320; x_wconf 85' lang='lat'>8.</span> <span class='ocrx_word' id='word_1_60' title='bbox 210 1287 330 1320; x_wconf 81' lang='lat' dir='ltr'>Dicens</span> <span class='ocrx_word' id='word_1_61' title='bbox 358 1288 420 1319; x_wconf 74' lang='lat' dir='ltr'>eis:</span> <span class='ocrx_word' id='word_1_62' title='bbox 451 1288 611 1319; x_wconf 83' lang='lat' dir='ltr'>comedite</span> 
     </span>
     <span class='ocr_line' id='line_1_22' title="bbox 211 1335 683 1376; baseline 0 -8"><span class='ocrx_word' id='word_1_63' title='bbox 211 1335 260 1368; x_wconf 79' lang='lat' dir='ltr'>Ex</span> <span class='ocrx_word' id='word_1_64' title='bbox 287 1337 348 1368; x_wconf 90' lang='lat' dir='ltr'>hoc</span> <span class='ocrx_word' id='word_1_65' title='bbox 374 1345 484 1367; x_wconf 82' lang='lat' dir='ltr'>omnes</span> <span class='ocrx_word' id='word_1_66' title='bbox 512 1341 542 1368; x_wconf 81' lang='lat' dir='ltr'>et</span> <span class='ocrx_word' id='word_1_67' title='bbox 570 1336 683 1376; x_wconf 84' lang='lat' dir='ltr'>bibite,</span> 
     </span>
     <span class='ocr_line' id='line_1_23' title="bbox 209 1384 688 1425; baseline -0.002 -7"><span class='ocrx_word' id='word_1_68' title='bbox 209 1384 308 1418; x_wconf 81' lang='lat' dir='ltr'>Cibus</span> <span class='ocrx_word' id='word_1_69' title='bbox 336 1390 365 1415; x_wconf 72' lang='lat' dir='ltr'>et</span> <span class='ocrx_word' id='word_1_70' title='bbox 394 1390 489 1425; x_wconf 85' lang='lat' dir='ltr'>potus</span> <span class='ocrx_word' id='word_1_71' title='bbox 518 1390 564 1416; x_wconf 79' lang='lat' dir='ltr'>est</span> <span class='ocrx_word' id='word_1_72' title='bbox 594 1386 688 1417; x_wconf 85' lang='lat' dir='ltr'>vitae.</span> 
     </span>
     <span class='ocr_line' id='line_1_24' title="bbox 254 1433 554 1475; baseline 0 -11"><span class='ocrx_word' id='word_1_73' title='bbox 254 1433 348 1465; x_wconf 81' lang='lat' dir='ltr'>Hunc</span> <span class='ocrx_word' id='word_1_74' title='bbox 375 1433 554 1475; x_wconf 79' lang='lat' dir='ltr'>laudemus,</span> 
     </span>
     <span class='ocr_line' id='line_1_25' title="bbox 255 1482 450 1514; baseline 0.005 -2"><span class='ocrx_word' id='word_1_75' title='bbox 255 1482 347 1514; x_wconf 80' lang='lat' dir='ltr'>Doxa</span> <span class='ocrx_word' id='word_1_76' title='bbox 377 1482 450 1514; x_wconf 88' lang='lat' dir='ltr'>theo</span> 
     </span>
     <span class='ocr_line' id='line_1_26' title="bbox 305 1531 712 1565; baseline 0.007 -3"><span class='ocrx_word' id='word_1_77' title='bbox 305 1532 337 1563; x_wconf 94' lang='lat' dir='ltr'>in</span> <span class='ocrx_word' id='word_1_78' title='bbox 366 1531 502 1563; x_wconf 79' lang='lat' dir='ltr'>excelsis</span> <span class='ocrx_word' id='word_1_79' title='bbox 529 1531 712 1565; x_wconf 80' lang='lat' dir='ltr'>iubilemus,</span> 
     </span>
    </p>
   </div>
   <div class='ocr_carea' id='block_1_9' title="bbox 145 1637 741 1916">
    <p class='ocr_par' dir='ltr' id='par_1_11' title="bbox 145 1637 741 1768">
     <span class='ocr_line' id='line_1_27' title="bbox 145 1637 741 1679; baseline 0.002 -9"><span class='ocrx_word' id='word_1_80' title='bbox 145 1639 177 1670; x_wconf 82' lang='lat'>9.</span> <span class='ocrx_word' id='word_1_81' title='bbox 205 1637 301 1670; x_wconf 89' lang='lat' dir='ltr'>Hunc</span> <span class='ocrx_word' id='word_1_82' title='bbox 329 1638 455 1671; x_wconf 80' lang='lat' dir='ltr'>discant</span> <span class='ocrx_word' id='word_1_83' title='bbox 482 1648 598 1679; x_wconf 83' lang='lat' dir='ltr'>panem</span> <span class='ocrx_word' id='word_1_84' title='bbox 628 1640 741 1671; x_wconf 75' lang='lat' dir='ltr'>Iudaei</span> 
     </span>
     <span class='ocr_line' id='line_1_28' title="bbox 204 1687 668 1730; baseline 0 -11"><span class='ocrx_word' id='word_1_85' title='bbox 204 1687 286 1719; x_wconf 84' lang='lat' dir='ltr'>Esse</span> <span class='ocrx_word' id='word_1_86' title='bbox 313 1695 423 1719; x_wconf 86' lang='lat' dir='ltr'>verum</span> <span class='ocrx_word' id='word_1_87' title='bbox 452 1697 569 1728; x_wconf 87' lang='lat' dir='ltr'>corpus</span> <span class='ocrx_word' id='word_1_88' title='bbox 597 1688 668 1730; x_wconf 85' lang='lat' dir='ltr'>Dei,</span> 
     </span>
     <span class='ocr_line' id='line_1_29' title="bbox 204 1735 531 1768; baseline 0 0"><span class='ocrx_word' id='word_1_89' title='bbox 204 1736 327 1768; x_wconf 85' lang='lat' dir='ltr'>Baculo</span> <span class='ocrx_word' id='word_1_90' title='bbox 356 1735 428 1768; x_wconf 85' lang='lat' dir='ltr'>fulti</span> <span class='ocrx_word' id='word_1_91' title='bbox 455 1736 531 1768; x_wconf 84' lang='lat' dir='ltr'>fidei</span> 
     </span>
    </p>

    <p class='ocr_par' dir='ltr' id='par_1_12' title="bbox 252 1783 702 1916">
     <span class='ocr_line' id='line_1_30' title="bbox 253 1783 460 1823; baseline -0.005 -6"><span class='ocrx_word' id='word_1_92' title='bbox 253 1783 460 1823; x_wconf 80' lang='lat' dir='ltr'>Confitenius‚</span> 
     </span>
     <span class='ocr_line' id='line_1_31' title="bbox 252 1833 448 1866; baseline 0.005 -2"><span class='ocrx_word' id='word_1_93' title='bbox 252 1833 347 1866; x_wconf 87' lang='lat' dir='ltr'>Doxa</span> <span class='ocrx_word' id='word_1_94' title='bbox 374 1834 448 1865; x_wconf 85' lang='lat' dir='ltr'>theo</span> 
     </span>
     <span class='ocr_line' id='line_1_32' title="bbox 300 1882 702 1916; baseline 0.005 -2"><span class='ocrx_word' id='word_1_95' title='bbox 300 1883 332 1914; x_wconf 91' lang='lat' dir='ltr'>in</span> <span class='ocrx_word' id='word_1_96' title='bbox 361 1883 497 1914; x_wconf 83' lang='lat' dir='ltr'>excelsis</span> <span class='ocrx_word' id='word_1_97' title='bbox 520 1882 702 1916; x_wconf 87' lang='lat' dir='ltr'>iubilemus.</span> 
     </span>
    </p>
   </div>
   <div class='ocr_carea' id='block_1_10' title="bbox 848 236 904 269">
    <p class='ocr_par' dir='ltr' id='par_1_13' title="bbox 848 236 904 269">
     <span class='ocr_line' id='line_1_33' title="bbox 848 236 904 269; baseline 0 0"><span class='ocrx_word' id='word_1_98' title='bbox 848 236 904 269; x_wconf 88' lang='grc'>10.</span> 
     </span>
    </p>
   </div>
   <div class='ocr_carea' id='block_1_11' title="bbox 851 590 904 621">
    <p class='ocr_par' dir='ltr' id='par_1_14' title="bbox 851 590 904 621">
     <span class='ocr_line' id='line_1_34' title="bbox 851 590 904 621; baseline 0 0"><span class='ocrx_word' id='word_1_99' title='bbox 851 590 904 621; x_wconf 92' lang='grc'>11.</span> 
     </span>
    </p>
   </div>
   <div class='ocr_carea' id='block_1_12' title="bbox 855 1289 908 1321">
    <p class='ocr_par' dir='ltr' id='par_1_15' title="bbox 855 1289 908 1321">
     <span class='ocr_line' id='line_1_35' title="bbox 855 1289 908 1321; baseline 0.019 -1"><span class='ocrx_word' id='word_1_100' title='bbox 855 1289 908 1321; x_wconf 72' lang='grc'>13.</span> 
     </span>
    </p>
   </div>
   <div class='ocr_carea' id='block_1_13' title="bbox 849 1641 904 1672">
    <p class='ocr_par' dir='ltr' id='par_1_16' title="bbox 849 1641 904 1672">
     <span class='ocr_line' id='line_1_36' title="bbox 849 1641 904 1672; baseline 0 0"><span class='ocrx_word' id='word_1_101' title='bbox 849 1641 904 1672; x_wconf 89' lang='lat'>14.</span> 
     </span>
    </p>
   </div>
   <div class='ocr_carea' id='block_1_14' title="bbox 932 233 1464 511">
    <p class='ocr_par' dir='ltr' id='par_1_17' title="bbox 932 233 1464 511">
     <span class='ocr_line' id='line_1_37' title="bbox 932 233 1426 274; baseline -0.004 -7"><span class='ocrx_word' id='word_1_102' title='bbox 932 235 970 267; x_wconf 86' lang='lat' dir='ltr'>Iu</span> <span class='ocrx_word' id='word_1_103' title='bbox 998 243 1127 267; x_wconf 82' lang='lat' dir='ltr'>carnem</span> <span class='ocrx_word' id='word_1_104' title='bbox 1153 233 1249 274; x_wconf 85' lang='lat' dir='ltr'>panis</span> <span class='ocrx_word' id='word_1_105' title='bbox 1271 236 1426 270; x_wconf 80' lang='lat' dir='ltr'>mutatur,</span> 
     </span>
     <span class='ocr_line' id='line_1_38' title="bbox 934 282 1426 323; baseline -0.002 -7"><span class='ocrx_word' id='word_1_106' title='bbox 934 284 996 316; x_wconf 90' lang='lat' dir='ltr'>Pro</span> <span class='ocrx_word' id='word_1_107' title='bbox 1023 283 1098 315; x_wconf 90' lang='lat' dir='ltr'>vino</span> <span class='ocrx_word' id='word_1_108' title='bbox 1124 282 1255 323; x_wconf 82' lang='lat' dir='ltr'>sanguis</span> <span class='ocrx_word' id='word_1_109' title='bbox 1281 286 1426 323; x_wconf 80' lang='lat' dir='ltr'>potatur.</span> 
     </span>
     <span class='ocr_line' id='line_1_39' title="bbox 933 331 1348 371; baseline 0 -7"><span class='ocrx_word' id='word_1_110' title='bbox 933 333 970 364; x_wconf 91' lang='lat' dir='ltr'>In</span> <span class='ocrx_word' id='word_1_111' title='bbox 996 332 1047 364; x_wconf 84' lang='lat' dir='ltr'>his</span> <span class='ocrx_word' id='word_1_112' title='bbox 1073 331 1156 364; x_wconf 82' lang='lat' dir='ltr'>fides</span> <span class='ocrx_word' id='word_1_113' title='bbox 1183 336 1348 371; x_wconf 81' lang='lat' dir='ltr'>operatur.</span> 
     </span>
     <span class='ocr_line' id='line_1_40' title="bbox 979 382 1174 420; baseline -0.01 -6"><span class='ocrx_word' id='word_1_114' title='bbox 979 382 1174 420; x_wconf 84' lang='lat' dir='ltr'>Adoremus‚</span> 
     </span>
     <span class='ocr_line' id='line_1_41' title="bbox 981 429 1177 463; baseline -0.015 0"><span class='ocrx_word' id='word_1_115' title='bbox 981 431 1076 463; x_wconf 81' lang='lat' dir='ltr'>Doxa</span> <span class='ocrx_word' id='word_1_116' title='bbox 1101 429 1177 461; x_wconf 82' lang='lat' dir='ltr'>theo</span> 
     </span>
     <span class='ocr_line' id='line_1_42' title="bbox 1029 478 1464 511; baseline 0.002 -1"><span class='ocrx_word' id='word_1_117' title='bbox 1029 479 1061 510; x_wconf 92' lang='lat' dir='ltr'>in</span> <span class='ocrx_word' id='word_1_118' title='bbox 1089 478 1227 511; x_wconf 84' lang='lat' dir='ltr'>excelsis</span> <span class='ocrx_word' id='word_1_119' title='bbox 1253 478 1439 511; x_wconf 68' lang='lat' dir='ltr'>iubilemus</span> <span class='ocrx_word' id='word_1_120' title='bbox 1462 489 1464 491; x_wconf 94' lang='lat'>·</span> 
     </span>
    </p>
   </div>
   <div class='ocr_carea' id='block_1_15' title="bbox 931 586 1437 863">
    <p class='ocr_par' dir='ltr' id='par_1_18' title="bbox 931 586 1437 863">
     <span class='ocr_line' id='line_1_43' title="bbox 936 586 1370 628; baseline -0.005 -9"><span class='ocrx_word' id='word_1_121' title='bbox 936 588 971 619; x_wconf 91' lang='lat' dir='ltr'>In</span> <span class='ocrx_word' id='word_1_122' title='bbox 999 587 1147 619; x_wconf 87' lang='lat' dir='ltr'>omnibus</span> <span class='ocrx_word' id='word_1_123' title='bbox 1174 591 1206 618; x_wconf 86' lang='lat' dir='ltr'>et</span> <span class='ocrx_word' id='word_1_124' title='bbox 1234 586 1370 628; x_wconf 87' lang='lat' dir='ltr'>singulis</span> 
     </span>
     <span class='ocr_line' id='line_1_44' title="bbox 931 635 1379 677; baseline -0.004 -9"><span class='ocrx_word' id='word_1_125' title='bbox 931 636 1033 668; x_wconf 83' lang='lat' dir='ltr'>Totus</span> <span class='ocrx_word' id='word_1_126' title='bbox 1059 640 1167 668; x_wconf 87' lang='lat' dir='ltr'>manet</span> <span class='ocrx_word' id='word_1_127' title='bbox 1197 635 1379 677; x_wconf 83' lang='lat' dir='ltr'>particulis,</span> 
     </span>
     <span class='ocr_line' id='line_1_45' title="bbox 933 684 1429 717; baseline 0 -1"><span class='ocrx_word' id='word_1_128' title='bbox 933 685 1027 717; x_wconf 89' lang='lat' dir='ltr'>Hunc</span> <span class='ocrx_word' id='word_1_129' title='bbox 1054 685 1086 716; x_wconf 92' lang='lat' dir='ltr'>in</span> <span class='ocrx_word' id='word_1_130' title='bbox 1113 684 1264 716; x_wconf 87' lang='lat' dir='ltr'>omnibus</span> <span class='ocrx_word' id='word_1_131' title='bbox 1291 684 1429 716; x_wconf 84' lang='lat' dir='ltr'>saeculis</span> 
     </span>
     <span class='ocr_line' id='line_1_46' title="bbox 981 734 1179 774; baseline -0.01 -8"><span class='ocrx_word' id='word_1_132' title='bbox 981 734 1179 774; x_wconf 75' lang='lat' dir='ltr'>Rogitemus‚</span> 
     </span>
     <span class='ocr_line' id='line_1_47' title="bbox 984 782 1177 814; baseline -0.005 0"><span class='ocrx_word' id='word_1_133' title='bbox 984 782 1079 814; x_wconf 84' lang='lat' dir='ltr'>Doxa</span> <span class='ocrx_word' id='word_1_134' title='bbox 1103 782 1177 813; x_wconf 84' lang='lat' dir='ltr'>theo</span> 
     </span>
     <span class='ocr_line' id='line_1_48' title="bbox 1029 830 1437 863; baseline 0 -1"><span class='ocrx_word' id='word_1_135' title='bbox 1029 831 1062 862; x_wconf 87' lang='lat' dir='ltr'>in</span> <span class='ocrx_word' id='word_1_136' title='bbox 1090 831 1227 862; x_wconf 82' lang='lat' dir='ltr'>excelsis</span> <span class='ocrx_word' id='word_1_137' title='bbox 1252 830 1437 863; x_wconf 81' lang='lat' dir='ltr'>iubilemus.</span> 
     </span>
    </p>
   </div>
   <div class='ocr_carea' id='block_1_16' title="bbox 933 936 1434 1214">
    <p class='ocr_par' dir='ltr' id='par_1_19' title="bbox 933 936 1434 1214">
     <span class='ocr_line' id='line_1_49' title="bbox 933 936 1363 976; baseline -0.005 -6"><span class='ocrx_word' id='word_1_138' title='bbox 933 937 1074 970; x_wconf 86' lang='lat' dir='ltr'>Unicum</span> <span class='ocrx_word' id='word_1_139' title='bbox 1100 936 1204 969; x_wconf 85' lang='lat' dir='ltr'>Deum</span> <span class='ocrx_word' id='word_1_140' title='bbox 1231 937 1363 976; x_wconf 83' lang='lat' dir='ltr'>senties,</span> 
     </span>
     <span class='ocr_line' id='line_1_50' title="bbox 935 985 1348 1025; baseline -0.002 -8"><span class='ocrx_word' id='word_1_141' title='bbox 935 985 1027 1017; x_wconf 81' lang='lat' dir='ltr'>Licet</span> <span class='ocrx_word' id='word_1_142' title='bbox 1055 986 1184 1017; x_wconf 85' lang='lat' dir='ltr'>diversa</span> <span class='ocrx_word' id='word_1_143' title='bbox 1212 986 1348 1025; x_wconf 78' lang='lat' dir='ltr'>species,</span> 
     </span>
     <span class='ocr_line' id='line_1_51' title="bbox 933 1030 1395 1078; baseline 0.002 -12"><span class='ocrx_word' id='word_1_144' title='bbox 933 1030 1080 1078; x_wconf 83' lang='lat' dir='ltr'>[Carnis]</span> <span class='ocrx_word' id='word_1_145' title='bbox 1110 1043 1206 1066; x_wconf 83' lang='lat' dir='ltr'>verae</span> <span class='ocrx_word' id='word_1_146' title='bbox 1233 1034 1395 1067; x_wconf 85' lang='lat' dir='ltr'>materies.</span> 
     </span>
     <span class='ocr_line' id='line_1_52' title="bbox 984 1083 1268 1123; baseline -0.004 -9"><span class='ocrx_word' id='word_1_147' title='bbox 984 1083 1047 1114; x_wconf 86' lang='lat' dir='ltr'>Hic</span> <span class='ocrx_word' id='word_1_148' title='bbox 1074 1087 1268 1123; x_wconf 79' lang='lat' dir='ltr'>spectemus,</span> 
     </span>
     <span class='ocr_line' id='line_1_53' title="bbox 982 1131 1178 1164; baseline -0.005 -1"><span class='ocrx_word' id='word_1_149' title='bbox 982 1131 1077 1164; x_wconf 82' lang='lat' dir='ltr'>Doxa</span> <span class='ocrx_word' id='word_1_150' title='bbox 1104 1131 1178 1163; x_wconf 85' lang='lat' dir='ltr'>theo</span> 
     </span>
     <span class='ocr_line' id='line_1_54' title="bbox 1033 1180 1434 1214; baseline 0.002 -2"><span class='ocrx_word' id='word_1_151' title='bbox 1033 1181 1066 1212; x_wconf 91' lang='lat' dir='ltr'>in</span> <span class='ocrx_word' id='word_1_152' title='bbox 1090 1181 1226 1213; x_wconf 85' lang='lat' dir='ltr'>excelsis</span> <span class='ocrx_word' id='word_1_153' title='bbox 1253 1180 1434 1214; x_wconf 84' lang='lat' dir='ltr'>iubilemus.</span> 
     </span>
    </p>
   </div>
   <div class='ocr_carea' id='block_1_17' title="bbox 934 1287 1441 1564">
    <p class='ocr_par' dir='ltr' id='par_1_20' title="bbox 934 1287 1441 1564">
     <span class='ocr_line' id='line_1_55' title="bbox 937 1287 1326 1329; baseline 0 -9"><span class='ocrx_word' id='word_1_154' title='bbox 937 1288 1042 1320; x_wconf 90' lang='lat' dir='ltr'>Pulsis</span> <span class='ocrx_word' id='word_1_155' title='bbox 1069 1289 1214 1329; x_wconf 82' lang='lat' dir='ltr'>peccatis</span> <span class='ocrx_word' id='word_1_156' title='bbox 1241 1287 1326 1327; x_wconf 84' lang='lat' dir='ltr'>ideo,</span> 
     </span>
     <span class='ocr_line' id='line_1_56' title="bbox 937 1337 1375 1376; baseline -0.002 -7"><span class='ocrx_word' id='word_1_157' title='bbox 937 1337 997 1376; x_wconf 87' lang='lat' dir='ltr'>Qui</span> <span class='ocrx_word' id='word_1_158' title='bbox 1024 1341 1074 1368; x_wconf 87' lang='lat' dir='ltr'>est</span> <span class='ocrx_word' id='word_1_159' title='bbox 1100 1337 1205 1368; x_wconf 87' lang='lat' dir='ltr'>trinus</span> <span class='ocrx_word' id='word_1_160' title='bbox 1233 1340 1264 1368; x_wconf 87' lang='lat' dir='ltr'>et</span> <span class='ocrx_word' id='word_1_161' title='bbox 1290 1337 1375 1374; x_wconf 79' lang='lat' dir='ltr'>unio,</span> 
     </span>
     <span class='ocr_line' id='line_1_57' title="bbox 934 1385 1346 1418; baseline -0.002 0"><span class='ocrx_word' id='word_1_162' title='bbox 934 1386 1169 1418; x_wconf 83' lang='lat' dir='ltr'>Benedicamus</span> <span class='ocrx_word' id='word_1_163' title='bbox 1197 1385 1346 1418; x_wconf 88' lang='lat' dir='ltr'>Domino.</span> 
     </span>
     <span class='ocr_line' id='line_1_58' title="bbox 984 1435 1212 1472; baseline -0.004 -5"><span class='ocrx_word' id='word_1_164' title='bbox 984 1435 1212 1472; x_wconf 78' lang='lat' dir='ltr'>Decamemus,</span> 
     </span>
     <span class='ocr_line' id='line_1_59' title="bbox 983 1483 1178 1515; baseline 0 -1"><span class='ocrx_word' id='word_1_165' title='bbox 983 1483 1075 1515; x_wconf 79' lang='lat' dir='ltr'>Doxa</span> <span class='ocrx_word' id='word_1_166' title='bbox 1103 1483 1178 1514; x_wconf 90' lang='lat' dir='ltr'>theo</span> 
     </span>
     <span class='ocr_line' id='line_1_60' title="bbox 1032 1532 1441 1564; baseline 0.002 -1"><span class='ocrx_word' id='word_1_167' title='bbox 1032 1532 1063 1563; x_wconf 88' lang='lat' dir='ltr'>in</span> <span class='ocrx_word' id='word_1_168' title='bbox 1093 1533 1229 1563; x_wconf 80' lang='lat' dir='ltr'>excelsis</span> <span class='ocrx_word' id='word_1_169' title='bbox 1257 1532 1441 1564; x_wconf 64' lang='lat' dir='ltr'>iubilemus</span> 
     </span>
    </p>
   </div>
   <div class='ocr_carea' id='block_1_18' title="bbox 930 1639 1439 1917">
    <p class='ocr_par' dir='ltr' id='par_1_21' title="bbox 930 1639 1439 1917">
     <span class='ocr_line' id='line_1_61' title="bbox 934 1639 1312 1672; baseline -0.003 0"><span class='ocrx_word' id='word_1_170' title='bbox 934 1641 971 1672; x_wconf 92' lang='lat' dir='ltr'>In</span> <span class='ocrx_word' id='word_1_171' title='bbox 999 1640 1128 1671; x_wconf 85' lang='lat' dir='ltr'>nornine</span> <span class='ocrx_word' id='word_1_172' title='bbox 1155 1639 1312 1672; x_wconf 86' lang='lat' dir='ltr'>trinitatis</span> 
     </span>
     <span class='ocr_line' id='line_1_62' title="bbox 930 1688 1343 1727; baseline -0.002 -7"><span class='ocrx_word' id='word_1_173' title='bbox 930 1688 981 1720; x_wconf 77' lang='lat' dir='ltr'>Ite</span> <span class='ocrx_word' id='word_1_174' title='bbox 1008 1688 1109 1721; x_wconf 75' lang='lat' dir='ltr'>missa</span> <span class='ocrx_word' id='word_1_175' title='bbox 1143 1692 1188 1721; x_wconf 85' lang='lat' dir='ltr'>est</span> <span class='ocrx_word' id='word_1_176' title='bbox 1215 1688 1343 1727; x_wconf 80' lang='lat' dir='ltr'>dicatis,</span> 
     </span>
     <span class='ocr_line' id='line_1_63' title="bbox 932 1737 1409 1778; baseline 0.002 -9"><span class='ocrx_word' id='word_1_177' title='bbox 932 1737 1000 1769; x_wconf 89' lang='lat' dir='ltr'>Nos</span> <span class='ocrx_word' id='word_1_178' title='bbox 1029 1746 1099 1769; x_wconf 88' lang='lat' dir='ltr'>eum</span> <span class='ocrx_word' id='word_1_179' title='bbox 1127 1746 1202 1778; x_wconf 87' lang='lat' dir='ltr'>rege</span> <span class='ocrx_word' id='word_1_180' title='bbox 1229 1738 1409 1770; x_wconf 78' lang='lat' dir='ltr'>maiestatis</span> 
     </span>
     <span class='ocr_line' id='line_1_64' title="bbox 979 1786 1201 1828; baseline -0.005 -9"><span class='ocrx_word' id='word_1_181' title='bbox 979 1786 1201 1828; x_wconf 83' lang='lat' dir='ltr'>Exsultemus‚</span> 
     </span>
     <span class='ocr_line' id='line_1_65' title="bbox 979 1835 1176 1867; baseline 0 0"><span class='ocrx_word' id='word_1_182' title='bbox 979 1835 1074 1867; x_wconf 86' lang='lat' dir='ltr'>Doxa</span> <span class='ocrx_word' id='word_1_183' title='bbox 1100 1836 1176 1867; x_wconf 86' lang='lat' dir='ltr'>theo</span> 
     </span>
     <span class='ocr_line' id='line_1_66' title="bbox 1030 1884 1439 1917; baseline 0 -3"><span class='ocrx_word' id='word_1_184' title='bbox 1030 1884 1063 1915; x_wconf 91' lang='lat' dir='ltr'>in</span> <span class='ocrx_word' id='word_1_185' title='bbox 1091 1885 1228 1917; x_wconf 85' lang='lat' dir='ltr'>excelsis</span> <span class='ocrx_word' id='word_1_186' title='bbox 1254 1884 1439 1917; x_wconf 86' lang='lat' dir='ltr'>iubilemus.</span> 
     </span>
    </p>
   </div>
   <div class='ocr_carea' id='block_1_19' title="bbox 143 1988 1492 2182">
    <p class='ocr_par' dir='ltr' id='par_1_22' title="bbox 143 1988 1492 2182">
     <span class='ocr_line' id='line_1_67' title="bbox 223 1988 1492 2026; baseline 0.003 -11"><span class='ocrx_word' id='word_1_187' title='bbox 223 1988 344 2016; x_wconf 79' lang='lat' dir='ltr'>Collect.</span> <span class='ocrx_word' id='word_1_188' title='bbox 375 1998 430 2017; x_wconf 84' lang='lat' dir='ltr'>ms.</span> <span class='ocrx_word' id='word_1_189' title='bbox 452 1990 640 2017; x_wconf 71' lang='lat' dir='ltr'>Victorinum</span> <span class='ocrx_word' id='word_1_190' title='bbox 668 1999 744 2017; x_wconf 82' lang='lat' dir='ltr'>saec.</span> <span class='ocrx_word' id='word_1_191' title='bbox 771 1989 815 2018; x_wconf 82' lang='lat'>15.</span> <span class='ocrx_word' id='word_1_192' title='bbox 841 1989 910 2018; x_wconf 86' lang='lat' dir='ltr'>cod.</span> <span class='ocrx_word' id='word_1_193' title='bbox 934 1990 1064 2018; x_wconf 82' lang='lat' dir='ltr'>Parisin.</span> <span class='ocrx_word' id='word_1_194' title='bbox 1090 1989 1199 2018; x_wconf 83' lang='lat'>15105.</span> <span class='ocrx_word' id='word_1_195' title='bbox 1221 2005 1259 2010; x_wconf 90' lang='lat'>-—</span> <span class='ocrx_word' id='word_1_196' title='bbox 1285 1990 1314 2023; x_wconf 84' lang='lat' dir='ltr'>l,</span> <span class='ocrx_word' id='word_1_197' title='bbox 1350 1989 1367 2018; x_wconf 88' lang='lat'>5</span> <span class='ocrx_word' id='word_1_198' title='bbox 1396 1992 1492 2026; x_wconf 86' lang='lat' dir='ltr'>theos,</span> 
     </span>
     <span class='ocr_line' id='line_1_68' title="bbox 144 2028 1492 2061; baseline 0.002 -6"><span class='ocrx_word' id='word_1_199' title='bbox 144 2037 175 2055; x_wconf 84' lang='lat' dir='ltr'>so</span> <span class='ocrx_word' id='word_1_200' title='bbox 204 2030 316 2055; x_wconf 82' lang='lat' dir='ltr'>innner.</span> <span class='ocrx_word' id='word_1_201' title='bbox 348 2044 381 2047; x_wconf 89' lang='lat'>-—</span> <span class='ocrx_word' id='word_1_202' title='bbox 412 2028 442 2059; x_wconf 81' lang='grc' dir='ltr'>ὓ,</span> <span class='ocrx_word' id='word_1_203' title='bbox 474 2028 486 2055; x_wconf 92' lang='grc'>1</span> <span class='ocrx_word' id='word_1_204' title='bbox 512 2028 587 2056; x_wconf 80' lang='lat' dir='ltr'>Eine</span> <span class='ocrx_word' id='word_1_205' title='bbox 615 2028 697 2056; x_wconf 65' lang='lat' dir='ltr'>Silbe</span> <span class='ocrx_word' id='word_1_206' title='bbox 724 2028 829 2057; x_wconf 82' lang='lat' dir='ltr'>zuviel.</span> <span class='ocrx_word' id='word_1_207' title='bbox 854 2044 889 2048; x_wconf 91' lang='lat'>—</span> <span class='ocrx_word' id='word_1_208' title='bbox 913 2028 963 2059; x_wconf 78' lang='grc'>11,</span> <span class='ocrx_word' id='word_1_209' title='bbox 992 2028 1010 2056; x_wconf 83' lang='lat'>3</span> <span class='ocrx_word' id='word_1_210' title='bbox 1039 2030 1126 2057; x_wconf 83' lang='lat' dir='ltr'>Nune</span> <span class='ocrx_word' id='word_1_211' title='bbox 1154 2031 1194 2057; x_wconf 89' lang='lat' dir='ltr'>in.</span> <span class='ocrx_word' id='word_1_212' title='bbox 1216 2044 1254 2048; x_wconf 77' lang='lat'>—</span> <span class='ocrx_word' id='word_1_213' title='bbox 1275 2029 1330 2061; x_wconf 79' lang='lat'>11,</span> <span class='ocrx_word' id='word_1_214' title='bbox 1362 2029 1381 2057; x_wconf 81' lang='grc'>4</span> <span class='ocrx_word' id='word_1_215' title='bbox 1402 2030 1492 2058; x_wconf 85' lang='lat' dir='ltr'>Hune</span> 
     </span>
     <span class='ocr_line' id='line_1_69' title="bbox 144 2066 1490 2103; baseline 0.002 -9"><span class='ocrx_word' id='word_1_216' title='bbox 144 2069 316 2103; x_wconf 73' lang='lat' dir='ltr'>rogitemus.</span> <span class='ocrx_word' id='word_1_217' title='bbox 340 2081 375 2085; x_wconf 97' lang='lat'><strong>—</strong></span> <span class='ocrx_word' id='word_1_218' title='bbox 402 2066 446 2099; x_wconf 71' lang='lat'>13,</span> <span class='ocrx_word' id='word_1_219' title='bbox 473 2066 490 2094; x_wconf 81' lang='lat'>2</span> <span class='ocrx_word' id='word_1_220' title='bbox 518 2069 614 2095; x_wconf 82' lang='lat' dir='ltr'>trinus</span> <span class='ocrx_word' id='word_1_221' title='bbox 644 2072 673 2094; x_wconf 82' lang='lat' dir='ltr'>et.</span> <span class='ocrx_word' id='word_1_222' title='bbox 702 2077 788 2095; x_wconf 85' lang='lat' dir='ltr'>uuus.</span> <span class='ocrx_word' id='word_1_223' title='bbox 813 2083 844 2088; x_wconf 63' lang='lat'>„-</span> <span class='ocrx_word' id='word_1_224' title='bbox 872 2067 916 2101; x_wconf 78' lang='lat'>14,</span> <span class='ocrx_word' id='word_1_225' title='bbox 943 2066 960 2095; x_wconf 83' lang='lat'><strong>2</strong></span> <span class='ocrx_word' id='word_1_226' title='bbox 989 2071 1034 2096; x_wconf 83' lang='lat' dir='ltr'>est</span> <span class='ocrx_word' id='word_1_227' title='bbox 1063 2068 1184 2096; x_wconf 77' lang='lat' dir='ltr'>deitatis</span> <span class='ocrx_word' id='word_1_228' title='bbox 1206 2069 1431 2101; x_wconf 77' lang='lat' dir='ltr'>(Lesefeliler?).</span> <span class='ocrx_word' id='word_1_229' title='bbox 1454 2087 1490 2090; x_wconf 97' lang='lat'><strong>—</strong></span> 
     </span>
     <span class='ocr_line' id='line_1_70' title="bbox 143 2104 1491 2142; baseline 0.003 -9"><span class='ocrx_word' id='word_1_230' title='bbox 143 2107 217 2134; x_wconf 82' lang='lat' dir='ltr'>Dass</span> <span class='ocrx_word' id='word_1_231' title='bbox 240 2106 296 2133; x_wconf 76' lang='lat' dir='ltr'>Str.</span> <span class='ocrx_word' id='word_1_232' title='bbox 323 2104 357 2134; x_wconf 89' lang='lat'>13</span> <span class='ocrx_word' id='word_1_233' title='bbox 389 2107 504 2142; x_wconf 55' lang='lat' dir='ltr'>spssitere</span> <span class='ocrx_word' id='word_1_234' title='bbox 528 2107 630 2139; x_wconf 76' lang='lat' dir='ltr'>Zutat,</span> <span class='ocrx_word' id='word_1_235' title='bbox 661 2107 785 2135; x_wconf 82' lang='lat' dir='ltr'>beweist</span> <span class='ocrx_word' id='word_1_236' title='bbox 811 2108 863 2135; x_wconf 84' lang='lat' dir='ltr'>der</span> <span class='ocrx_word' id='word_1_237' title='bbox 891 2108 993 2141; x_wconf 75' lang='lat' dir='ltr'>Reim3</span> <span class='ocrx_word' id='word_1_238' title='bbox 1022 2107 1176 2136; x_wconf 73' lang='lat' dir='ltr'>vielleicht</span> <span class='ocrx_word' id='word_1_239' title='bbox 1205 2110 1244 2135; x_wconf 85' lang='lat' dir='ltr'>ist</span> <span class='ocrx_word' id='word_1_240' title='bbox 1272 2108 1349 2136; x_wconf 85' lang='lat' dir='ltr'>auch</span> <span class='ocrx_word' id='word_1_241' title='bbox 1370 2109 1428 2137; x_wconf 86' lang='lat' dir='ltr'>Str.</span> <span class='ocrx_word' id='word_1_242' title='bbox 1455 2108 1491 2137; x_wconf 83' lang='grc'>14</span> 
     </span>
     <span class='ocr_line' id='line_1_71' title="bbox 143 2145 1401 2182; baseline 0.003 -10"><span class='ocrx_word' id='word_1_243' title='bbox 143 2145 209 2173; x_wconf 80' lang='lat' dir='ltr'>dem</span> <span class='ocrx_word' id='word_1_244' title='bbox 232 2146 325 2174; x_wconf 81' lang='lat' dir='ltr'>Liede</span> <span class='ocrx_word' id='word_1_245' title='bbox 347 2145 429 2173; x_wconf 85' lang='lat' dir='ltr'>nicht</span> <span class='ocrx_word' id='word_1_246' title='bbox 452 2145 674 2182; x_wconf 80' lang='lat' dir='ltr'>urspriinglich.</span> <span class='ocrx_word' id='word_1_247' title='bbox 696 2162 733 2166; x_wconf 86' lang='lat'>—</span> <span class='ocrx_word' id='word_1_248' title='bbox 755 2146 909 2174; x_wconf 87' lang='lat' dir='ltr'>Abschrift</span> <span class='ocrx_word' id='word_1_249' title='bbox 929 2155 988 2174; x_wconf 87' lang='lat' dir='ltr'>von</span> <span class='ocrx_word' id='word_1_250' title='bbox 1013 2147 1084 2174; x_wconf 84' lang='lat' dir='ltr'>Rev.</span> <span class='ocrx_word' id='word_1_251' title='bbox 1108 2147 1146 2175; x_wconf 83' lang='lat' dir='ltr'>H.</span> <span class='ocrx_word' id='word_1_252' title='bbox 1169 2148 1208 2174; x_wconf 90' lang='lat' dir='ltr'>M.</span> <span class='ocrx_word' id='word_1_253' title='bbox 1232 2148 1401 2176; x_wconf 83' lang='lat' dir='ltr'>Baunistei·.</span> 
     </span>
    </p>
   </div>
  </div>
 </body>
</html>
