1650 2727
655 166 924 204 —147—

916 266 1052 300 Custodi
1079 264 1218 298 famulos

965 323 1096 356 semper
1122 313 1164 347 ab
1190 315 1284 347 hoste
1311 318 1383 348 tuos

916 363 960 396 Et
989 361 1039 396 fer
1065 372 1158 404 opem
1186 363 1281 396 nobis

966 412 1069 452 ipsius
1098 416 1235 452 propter
1260 422 1416 455 amorem,

918 460 1016 493 Cuius
1042 461 1223 493 sollennem

973 509 1031 542 das
1058 510 1227 542 celebrare
1255 510 1352 544 diem.

249 265 296 298 In
330 265 362 298 2.
398 262 626 305 Vesperis.

307 360 355 389 Ad
374 360 560 398 Mag-nificat.

141 460 182 493 A.
209 459 235 492 Ο
263 458 345 491 bone
371 462 552 501 protector,

264 508 406 540 clemens
423 507 524 548 Deus,
543 508 666 552 optime
684 511 802 552 rector,

197 625 285 653 offic.
314 633 369 652 ms.
397 622 427 653 S.
454 624 607 653 Leonardi
635 625 828 653 Lemovieen.
858 634 926 653 saec
956 624 1000 653 15.
1027 625 1100 654 cod.
1128 626 1382 662 Sangeuovefiau.
1416 625 1472 655 122

116 663 199 698 (BBl.
220 663 285 692 Fol.
305 661 363 696 32).
377 679 414 684 —
436 664 477 691 In
501 662 524 691 1.
547 665 648 692 Noct.
672 661 701 691 R
718 663 742 698 1,
758 661 776 691 2
799 663 868 691 fidei
889 673 1060 692 coruscans.
1082 680 1120 684 —
1144 663 1171 692 R
1189 664 1213 698 1,
1228 664 1247 692 4
1268 666 1331 700 regi
1355 675 1471 694 summo

116 704 237 732 servire.
260 717 297 722 —
318 704 359 731 In
380 700 407 730 3.
429 704 534 731 Noct.
558 703 584 731 A
605 701 633 735 2,
654 700 673 730 3
695 703 799 731 Sanat.
821 717 859 722 —
882 703 907 731 A
929 702 959 737 3,
978 703 996 731 4
1019 704 1204 732 famulatum.
1227 720 1266 724 —
1289 703 1316 732 R
1341 704 1365 737 1,
1388 704 1404 732 7
1427 716 1472 743 sq,

117 743 317 771 Pentameter.
339 756 376 761 —
398 739 428 770 R
447 741 475 776 3,
497 741 514 769 7
536 752 580 780 sq.
602 743 769 779 promeruit
790 742 953 771 felicitatis.
976 758 1013 762 —
1036 745 1176 779 Hymnen
1199 744 1234 772 de
1258 745 1426 773 Communi.

479 916 527 948 58.
570 918 612 948 De
633 925 673 948 ss.
696 915 851 949 Liberata
875 920 907 949 et
928 917 1093 949 Faustina.

261 1027 308 1059 In
336 1028 368 1061 1.
397 1027 618 1068 Vesperis.
859 1030 893 1063 2.
921 1029 1019 1071 Virgo
1050 1029 1206 1062 Liberata

313 1103 359 1132 Ad
379 1103 564 1141 magnificat.

218 1202 273 1236 Ad
299 1203 435 1244 gloriam

266 1252 328 1285 Dei
354 1256 386 1284 et
411 1251 556 1284 fidelium

217 1301 433 1334 Discretionis

263 1358 360 1383 verae
387 1350 575 1382 celsitudini

216 1399 404 1432 Innotescat

264 1449 502 1481 sacratissimas
531 1448 672 1489 virgines

214 1496 402 1530 Liberatam
431 1500 463 1529 et
490 1496 679 1530 Faustinam

216 1545 399 1579 Secundum
427 1555 556 1579 carnem
584 1555 714 1579 sorores

217 1594 355 1628 Nobiles
381 1596 512 1636 quidem
540 1604 670 1639 genere,

219 1644 283 1677 Sed
311 1644 406 1685 longe
432 1644 608 1677 nobiliores

216 1693 294 1726 Vita
320 1698 352 1726 et
379 1694 636 1727 conversatione.

253 1841 317 1874 Ad
350 1840 622 1874 Matutinum.

320 1920 544 1948 Invitatorium.

212 2009 353 2053 Agnum,
379 2019 533 2050 sponsum
560 2011 734 2052 virginum,

211 2058 327 2091 venite
352 2059 535 2095 adoremus.

249 2207 294 2240 In
323 2208 354 2242 1.
383 2207 620 2244 Nocturno.

329 2286 531 2323 Antiphonae.

147 2374 178 2408 1.
206 2374 396 2418 Virginibus
422 2377 526 2410 sacris

253 2434 434 2468 pangamus
462 2426 610 2460 carmina
634 2427 755 2468 laudis,

208 2473 254 2508 Ut
281 2479 433 2516 penetret
459 2477 578 2516 caelos,

255 2525 342 2566 quod
370 2525 498 2568 damus,
524 2534 612 2567 ecce,
639 2525 756 2559 melos.

972 1079 1138 1112 Ioannatis
1165 1079 1269 1111 libera
1296 1083 1384 1120 nata,

924 1127 968 1159 Et
995 1127 1152 1160 Faustina
1180 1137 1284 1169 soror,

973 1177 1113 1209 candida
1140 1176 1224 1209 sicut
1251 1177 1331 1217 olor,

891 1302 897 1309 .
926 1274 1074 1307 Moribus
1100 1279 1236 1307 ornatae

974 1323 1126 1363 claraque
1157 1325 1338 1366 propagine
1364 1329 1472 1365 natae,

925 1372 1128 1412 Spreverunt
1153 1381 1268 1405 aevum

973 1427 1111 1462 suntque
1136 1426 1266 1454 secu‘ae
1294 1423 1409 1456 Deum.

1041 1550 1254 1586 Responsoria.

889 1665 895 1672 .
925 1638 1054 1671 Montes
1081 1642 1209 1671 tuorum
1238 1640 1344 1681 visita,

923 1688 1066 1727 Christe,
1102 1689 1294 1730 redemptor
1315 1691 1470 1735 omnium,

923 1737 965 1769 Et
994 1747 1051 1769 nos
1078 1738 1169 1771 salva
1196 1749 1257 1779 per
1283 1741 1399 1772 merita

924 1786 1003 1819 Tam
1033 1787 1200 1820 beatarum
1230 1788 1402 1831 virginum,

920 1837 1010 1876 Quae
1037 1846 1096 1876 per
1121 1838 1235 1870 mundi
1263 1838 1395 1871 climata

923 1885 996 1917 Tibi
1025 1886 1105 1918 dant
1130 1887 1330 1930 obsequium,

873 1934 889 1965 '.
923 1935 1133 1977 Quocumque
1159 1937 1279 1979 pergis,
1304 1937 1447 1978 virgines

922 1984 1109 2025 Sequuntur
1131 1992 1228 2026 atque
1255 1987 1408 2020 laudibus

921 2034 999 2067 Post
1026 2038 1058 2066 te
1086 2041 1239 2068 canentes
1266 2038 1426 2069 cursitant

920 2083 1132 2126 Hymnosque
1152 2085 1265 2118 dulces
1279 2090 1471 2121 consonant.

883 2207 892 2215 .
919 2182 1077 2216 Liberata
1104 2188 1135 2214 et
1163 2182 1322 2217 Faustina

919 2231 1054 2264 Sorores
1081 2237 1159 2264 tunc
1185 2233 1345 2274 geminae,

919 2281 1036 2313 Mundi
1064 2287 1217 2314 recusant
1244 2284 1375 2324 nuptias

891 2324 894 2328 ’
919 2330 1041 2363 Sancto
1068 2331 1212 2363 calentes
1238 2331 1379 2376 flamine,

916 2379 1019 2413 Modo
1045 2384 1171 2413 metunt
1198 2382 1381 2424 manipulos

918 2429 983 2462 Pro
1010 2429 1072 2462 rite
1099 2430 1187 2463 iacto
1213 2432 1347 2465 semine.

843 2477 883 2511 V.
909 2477 1038 2512 Fsuntes
1072 2478 1167 2513 ibant
1194 2483 1222 2511 et
1246 2480 1367 2521 flebant
1393 2481 1471 2513 mit-

914 2531 1018 2562 tentes
1042 2528 1171 2561 semina
1198 2538 1274 2561 sua.

1225 2585 1260 2615 10
1275 2584 1289 2599 *¹
