1650 2727
709 169 973 205 —203—

749 286 956 322 Gradale.

344 363 411 396 Per
435 363 588 396 meritum
614 364 722 404 gratia
749 365 894 398 doctoris
921 365 1010 397 iussa
1037 370 1211 406 sequentes

343 412 427 445 Sunt
451 411 598 450 Maurum
627 412 792 454 Placidus,
821 422 907 447 nunc
937 413 1067 446 Christo
1094 420 1203 446 mente
1230 413 1387 450 fruentes.

340 460 402 493 His
429 465 543 501 pastor
568 459 768 494 Benedictus
793 463 825 494 in
852 462 928 494 altis
956 463 1173 501 consociatur,

342 508 388 541 Et
413 508 619 543 Scholastica
646 519 732 543 nunc
757 511 825 544 illis
853 520 980 552 quoque
1007 516 1236 552 perpetuatur.

733 628 949 661 Alleluia.
1006 644 1009 647 ·

339 703 366 736 O
393 705 581 738 venerande
607 708 713 746 pater,
742 705 930 747 Benedicte‚
960 707 1068 747 gregis
1094 706 1262 750 miserere,

338 752 365 785 Ο
391 753 521 792 Maure,
550 753 694 797 Placide,
724 754 929 788 Scholastica
957 756 1122 797 virgoque,
1151 764 1228 788 vere

340 800 507 834 Christum
534 803 692 844 poscatis,
721 807 755 836 ut
782 815 840 837 nos
868 804 1029 844 possimus
1056 805 1178 837 habere

338 850 486 892 Regnum
514 851 666 892 caeleste,
694 854 805 885 vestiti
832 853 955 895 gloriae
982 858 1083 888 veste.

632 901 790 942 Alleluia,
818 902 972 937 Alleluia.

572 999 704 1031 Laudes
732 1000 915 1033 Benedicto
943 1001 1041 1042 patri,

573 1048 651 1080 Piae
677 1048 899 1082 Scholasticae
928 1051 1034 1090 matri,

571 1097 728 1130 Athletae
755 1097 833 1130 forti
860 1099 997 1131 Placido

571 1145 615 1178 Et
644 1147 718 1178 duci
744 1148 862 1180 Mauro
890 1146 1016 1188 fulgido

571 1194 708 1228 Devotis
736 1197 849 1229 demus
877 1197 1021 1234 vocibus.

571 1244 618 1277 Us
645 1255 704 1277 nos
731 1246 859 1278 salvent
885 1245 927 1278 ab
953 1246 1111 1281 hostibus,

678 1361 991 1396 Offertorium.

571 1441 750 1474 Benedicte
776 1442 928 1484 gloriose,

571 1490 794 1524 scholasticae
821 1491 925 1524 frater
951 1493 1036 1535 piae,

570 1539 755 1572 Virtutibus
783 1542 930 1582 copiose,

568 1589 695 1629 Maure,
725 1588 854 1631 fulgens
880 1594 915 1622 ut
941 1591 990 1622 sol
1019 1591 1082 1634 die,

567 1638 647 1672 Alta
671 1639 775 1680 stirpe
801 1648 981 1682 generosa;

569 1687 715 1727 Placide,
745 1688 810 1721 dux
838 1692 970 1722 nostrae
999 1690 1080 1730 viae,

567 1736 694 1778 Rogata
721 1737 887 1771 Christum
915 1739 1041 1781 sedulo,

569 1785 613 1819 Ut
640 1786 673 1818 in
701 1785 811 1820 futuro
838 1788 968 1820 saeculo

568 1832 651 1870 Cum
676 1842 862 1869 sanctorum
892 1838 1030 1878 collegio

567 1885 658 1918 Caeli
686 1884 833 1919 fruamur
860 1887 953 1920 solio.

699 2004 956 2039 Communio.

566 2083 709 2126 Salvete,
738 2090 850 2126 patres
877 2085 994 2127 incliti,

566 2133 815 2167 Gubernatores
843 2135 976 2174 saeculi,

565 2182 734 2223 Nostrum,
762 2184 881 2217 Maure
907 2184 1079 2226 magnifice

565 2232 812 2274 Benedicteque
840 2233 972 2273 caelice,

565 2281 712 2325 Placide,
744 2287 873 2324 martyr
899 2283 1043 2324 Domini,

564 2331 644 2366 Cum
673 2331 878 2364 Scholastica
904 2332 1042 2365 subveni

564 2379 670 2414 Nobis
698 2389 755 2413 vos
784 2381 1052 2425 deprecantibus,

564 2430 610 2464 Ut
638 2430 813 2471 iungamur
838 2431 1062 2471 regnantibus.

225 2538 314 2566 Miss-
335 2545 391 2566 ms.
414 2537 582 2567 Casinense
603 2545 682 2565 saec.
707 2535 783 2566 ¹¹l12.
806 2534 879 2566 Cod.
900 2537 1040 2566 vatican.
1062 2537 1149 2568 6082.
1171 2539 1218 2568 ad.
1242 2548 1320 2568 saec.
1345 2539 1388 2568 15,
