1650 2727
217 1415 236 1446 10

716 216 763 222 --
814 195 884 232 146
935 216 980 222 —

233 319 239 325 .
268 294 335 326 Iste
362 293 422 327 Dei
449 299 581 328 sanctus

320 342 431 376 divino
457 344 574 376 robore
600 343 704 377 fretus

272 392 405 424 Sanavit
432 393 551 425 multos

319 441 423 473 morbi
459 442 646 474 valetudine
671 450 814 482 pressos.

237 566 243 572 .
270 538 327 574 Te,
356 539 507 576 clemens,
535 543 667 570 aeterne
693 538 793 579 Deus,

318 588 413 626 proni
439 587 627 628 rogitamus,

271 635 408 676 Suscipe
434 641 509 668 vota
534 645 667 676 precum

321 683 381 716 tibi
409 685 525 717 devote
552 683 777 719 famulantum.

390 800 604 836 Responsoria.

236 902 244 911 .
272 878 408 918 Quidam
437 888 549 910 servus
575 878 750 916 Leonardi,

326 927 397 959 dira
422 928 548 959 vinctus
576 927 733 966 compede

276 976 467 1015 Augebatur
494 980 619 1007 taetrae
646 980 754 1006 trusus

324 1025 473 1064 angustia
499 1024 641 1063 speleae,

276 1072 334 1105 Cui
361 1077 493 1104 sanctus
519 1071 552 1103 in
580 1071 700 1102 vestitu

324 1121 466 1152 candido
493 1121 647 1160 apparuit

274 1170 383 1208 Atque
410 1174 563 1209 potenter
585 1178 656 1200 eum

324 1217 421 1249 solvit
448 1223 478 1249 et
507 1218 638 1258 eripuit.

239 1294 245 1301 .
273 1267 372 1304 Ecce,
401 1268 537 1298 daturus
561 1275 655 1306 opem

323 1315 383 1347 tibi
411 1316 562 1347 misertus
589 1315 653 1346 ait:
682 1325 801 1350 assum.

243 1439 251 1447 .
278 1413 376 1445 Miles
404 1417 472 1444 erat
500 1413 626 1453 positus

330 1462 488 1502 angustiis
516 1462 596 1493 artis
624 1462 657 1493 in
684 1462 801 1504 antris,

278 1510 339 1549 Qui
366 1511 510 1551 graviter
538 1511 618 1541 diris

330 1559 613 1599 constringebatur
639 1559 789 1600 habenis,

243 1634 249 1639 .
277 1608 362 1640 Huic
388 1608 511 1641 Christi
539 1607 679 1640 famulus

329 1666 402 1689 mox
437 1657 589 1688 subvenit
624 1657 827 1692 Leonardus,

245 1780 251 1786 .
280 1754 305 1786 Ο
333 1753 422 1786 beati
448 1754 613 1786 Leonardi

329 1803 515 1835 veneranda
542 1803 738 1844 praeconia!

281 1852 307 1884 Ο
334 1852 510 1884 immensae
536 1853 733 1885 admiranda

331 1902 477 1932 caritatis
505 1903 624 1941 opera!

281 1949 352 1989 Qui,
382 1950 457 1981 dum
483 1950 606 1981 saeculi
633 1950 688 1981 ‹les
718 1950 785 1983 exit

333 1994 524 2041 [prospera]
552 1998 706 2040 labentia⁷

284 2046 451 2086 Supernae
479 2045 646 2078 felicitatis

334 2095 513 2134 promeruit
540 2096 669 2135 gaudia.

285 2143 446 2176 Reddidit
473 2148 623 2183 aegrotos

333 2193 472 2230 validos,
500 2192 626 2224 alacres
644 2190 830 2224 tribulatos

283 2289 308 2322 Ο
337 2288 506 2329 disruptor
531 2288 744 2327 vinculorum,

285 2338 383 2371 Pater
410 2343 441 2369 et
469 2338 534 2369 dux
561 2337 776 2377 captivorum,

287 2387 506 2420 Conservator
531 2385 715 2425 infantium,

285 2435 460 2469 Liberator
485 2435 734 2476 praegnantium

285 2485 330 2518 Et
357 2489 488 2518 curator
513 2483 734 2524 languentium

286 2535 530 2575 Superatorque
558 2533 761 2572 daemonum⁷

972 295 1155 333 Leonarde‚
1182 292 1328 325 fidelium

971 343 1061 377 Audi
1087 351 1202 384 preces
1229 339 1444 379 servulorum,

972 393 1156 432 Impetrans
1182 390 1277 422 nobis
1303 386 1458 429 gaudium

972 442 1060 473 Ante
1087 449 1195 480 regem
1221 437 1436 470 saeculorum.

905 491 945 522 V.
972 489 1130 529 Reginam
1157 492 1187 519 et
1215 486 1344 527 plebem

1022 537 1077 577 qui
1103 534 1294 568 succurristi

973 586 1023 618 Ac
1049 594 1156 626 regem
1183 584 1349 616 dolentem

1023 634 1078 674 qui
1104 632 1307 672 confortasti,

1073 682 1256 716 Leonarde.

1046 828 1093 861 In
1128 826 1365 860 Laudibus.

1103 904 1305 941 Antiphonae.

924 994 954 1027 1.
981 992 1151 1025 Laudibus
1177 993 1263 1024 alma
1289 991 1336 1023 tui

1032 1040 1143 1073 dilecti
1169 1039 1253 1072 festa
1280 1040 1423 1071 colentes

981 1090 1051 1122 Fac
1075 1090 1128 1130 pie
1154 1089 1288 1129 provisi7

1032 1137 1130 1180 Deus,
1158 1137 1297 1169 heredes
1323 1135 1482 1177 paradisi.

927 1237 961 1268 2.
988 1237 1018 1267 A
1045 1244 1146 1274 puero
1172 1238 1304 1267 sanctus

1032 1284 1156 1316 athleta
1184 1284 1245 1315 Dei
1272 1283 1464 1315 Leonardus

985 1332 1144 1375 Moribus,
1171 1333 1306 1373 eloquiis

1035 1381 1209 1422 praefulsit
1228 1386 1259 1413 et
1278 1380 1405 1413 actibus
1426 1380 1532 1415 almis.

928 1481 959 1514 3.
988 1480 1055 1512 Iste
1083 1480 1236 1512 salutaris

1036 1528 1193 1569 baptismi
1219 1528 1345 1569 gurgite
1366 1528 1487 1559 tinctus

987 1577 1048 1610 Est
1075 1578 1153 1610 fidei
1178 1587 1275 1610 verae

1036 1628 1218 1666 prudenter
1251 1627 1368 1667 dogma
1395 1628 1538 1659 secutus.

925 1726 958 1758 4.
987 1725 1099 1758 Sancti
1126 1725 1266 1765 Remigii

1039 1775 1125 1806 veris
1161 1774 1300 1806 rutilans
1334 1772 1537 1806 documentis

992 1823 1103 1863 Elegit
1129 1824 1285 1863 placitam

1038 1871 1178 1905 Domino
1205 1871 1370 1906 deducere
1397 1872 1508 1906 vitam.

928 1970 960 2001 5.
989 1969 1095 2010 Digne
1121 1971 1186 2002 iam
1213 1970 1343 2011 superis

1038 2024 1087 2050 est
1114 2019 1241 2051 civibus
1267 2019 1462 2060 associatus,

991 2067 1052 2105 Qui
1080 2068 1208 2100 culmen
1234 2069 1343 2100 renuit

1040 2124 1251 2154 praesumere
1278 2116 1502 2157 pontificatus.

1085 2221 1131 2247 Ad
1156 2221 1349 2249 Benedictus.

918 2285 958 2322 A.
987 2288 1084 2321 Alme
1110 2291 1199 2322 Deus
1226 2290 1322 2329 trine,

1041 2338 1096 2377 qui
1122 2343 1239 2370 cuncta
1265 2339 1351 2380 regis
1378 2341 1448 2374 sine
1466 2342 1544 2385 fine,

994 2386 1190 2426 Agminibus
1217 2388 1361 2420 concede
1386 2391 1452 2430 piis

1040 2435 1166 2466 meritis
1193 2435 1359 2469 Leonardi

991 2483 1155 2515 Iustorum
1182 2493 1240 2516 nos
1267 2485 1443 2524 spirituum

1041 2529 1184 2564 feliciter
1208 2533 1300 2566 addi.
