1650 2727
198 243 259 276 3a.

203 372 264 404 4a.

200 499 262 531 5a.

202 675 262 707 6a.

199 948 259 980 7a.

200 1075 262 1106 Sa.

201 1202 260 1234 9a.

175 1395 220 1428 10
230 1404 258 1426 a.

181 1571 223 1604 11
238 1579 266 1602 a.

177 1843 221 1876 12
233 1852 262 1874 a.

181 2167 265 2200 139..

179 2343 224 2376 14
236 2351 266 2378 a.

702 147 969 183 -132—

287 243 324 276 In
350 243 414 276 fine
439 244 531 286 virgo
557 246 713 287 temporis

336 293 494 326 Membris
516 295 668 327 tumescit
684 296 805 328 teneris

292 371 318 404 Ο
344 373 448 413 patris

338 421 426 454 Mira
452 421 652 462 benignitas!

289 499 377 539 Quae
403 509 463 540 pro
490 500 594 532 salute
622 501 785 532 hominurn

291 548 382 580 Caeli
408 557 515 588 regem
543 554 575 581 et
603 549 766 581 dominum

339 597 473 630 Sacrato
500 596 589 629 fovet
615 599 747 640 gremio,

292 674 317 707 Ο
343 676 461 715 Maria,

288 723 389 765 Virgo
415 724 479 764 pia,

287 772 367 804 Orta
395 773 449 804 dia

286 820 337 853 Ex
366 822 453 861 regia

336 870 504 910 Progenie.

286 947 323 979 In
351 948 440 978 cuius
467 946 564 978 laude
593 946 703 978 deficit

334 996 441 1037 Mens,
449 995 568 1035 lingua,
579 1004 704 1034 sensus,
714 995 809 1037 ratio,

289 1074 375 1113 Quae
402 1075 471 1105 sola

338 1122 502 1154 Praebens
530 1123 652 1155 solacia

290 1199 431 1231 Scientia
458 1209 528 1231 cum
557 1199 692 1240 artibus,

286 1249 448 1280 Orationis
475 1249 624 1288 partibus

337 1298 430 1329 Hanc
440 1306 498 1328 cun
504 1301 555 1330 cta
564 1297 697 1329 laudant
706 1306 809 1337 gram-

631 1349 730 1383 mata,

286 1394 430 1435 Dignare
457 1403 507 1424 me

287 1442 438 1475 Laudare
466 1448 506 1483 te,

337 1492 362 1524 Ο
390 1491 593 1523 sanctissima
621 1490 762 1531 domina,

296 1569 345 1601 Tu
372 1569 528 1601 trinitatis
554 1569 721 1611 templum,

341 1618 536 1657 Exemplum
561 1618 715 1657 iustitiae,

385 1667 434 1698 Tu
461 1667 583 1698 renatis

387 1715 577 1748 Sanctitatis

435 1763 619 1803 Speculum.

290 1841 429 1873 Ductrix
457 1842 574 1883 gregis,

288 1890 425 1922 Doctrix
449 1890 529 1930 legis

339 1940 483 1977 Gratiae,

290 1989 397 2021 Patris
424 1988 537 2023 honor,

291 2038 428 2070 Carmen
458 2046 556 2069 conor

337 2086 497 2119 Condere.

293 2163 358 2196 Sed
385 2164 475 2206 vitia,

290 2212 432 2254 Flagitia

341 2263 390 2295 Tu
416 2262 566 2294 relaxare
591 2270 745 2303 propera⁷

292 2340 451 2382 Ambitio,

293 2390 453 2432 Traditio,

295 2439 431 2478 Seditio‚

345 2489 425 2522 Dire
451 2497 491 2520 ne
517 2488 633 2521 vulnus
659 2487 793 2529 sauciat,

898 245 962 280 ab.

902 372 968 407 4b.

904 498 968 533 5b.

904 674 966 708 6b.

905 945 968 978 7b.

903 1072 966 1106 ab.

903 1199 967 1232 9b.

879 1394 923 1428 10
935 1393 966 1426 b.

888 1570 929 1604 11
941 1569 974 1602 b.

883 1843 969 1878 12b.

885 2165 928 2198 13
940 2165 972 2198 b.

884 2339 931 2374 14
940 2339 974 2375 b.

991 245 1070 279 Viro
1095 244 1234 287 perfecti
1261 245 1410 286 corporis

1036 296 1074 328 In
1111 293 1217 327 forma
1243 294 1349 327 nostri
1374 294 1516 336 generis.

995 373 1021 406 Ο
1048 373 1162 406 matris

1040 422 1216 454 Praecelsa
1243 421 1385 462 dignitas
1397 421 1404 451 l

997 500 1097 540 Quem
1123 499 1257 532 ordines
1282 498 1423 540 angelici

999 548 1161 590 Laudant,
1188 548 1326 580 adorant
1354 546 1469 579 caelici

1043 597 1138 630 Cives
1163 596 1197 628 in
1225 596 1315 637 regni
1342 596 1500 636 praemio.

997 676 1128 715 Expers
1154 676 1265 715 maris,

994 723 1098 756 Deum
1123 723 1222 764 paris,

995 773 1112 805 Portus
1140 771 1238 804 maris

993 821 1164 859 Salutaris,

1043 870 1124 909 Spes
1151 869 1276 902 veniae.

997 945 1062 978 Sed
1088 946 1159 977 laus
1185 945 1266 978 baec
1293 946 1362 978 eius
1388 945 1495 978 reficit

1041 994 1182 1028 Caelesti
1211 1004 1270 1027 nos
1297 994 1429 1027 solacio.

996 1073 1054 1106 Est
1082 1073 1194 1106 schola

1041 1122 1170 1154 Docens
1198 1123 1339 1156 veracia.

994 1200 1194 1232 Rhethorica
1221 1210 1291 1232 cum
1321 1199 1455 1234 floribus

992 1248 1211 1288 Venustisque
1238 1250 1403 1282 coloribus

1041 1298 1091 1329 Ac
1119 1298 1243 1337 logicae
1272 1299 1485 1339 sophismata.

995 1394 1096 1426 Libro
1123 1395 1224 1427 scribi

991 1444 1087 1475 Vitae
1113 1444 1173 1474 tibi

1041 1492 1108 1524 Fac
1138 1493 1330 1526 devotorum
1357 1494 1499 1530 nomina.

1001 1571 1050 1603 Tu
1077 1580 1151 1602 rosa
1178 1572 1247 1604 sine
1270 1573 1365 1612 spina

1043 1619 1085 1651 Et
1114 1620 1166 1652 via
1193 1621 1385 1663 munditiae,

1094 1668 1142 1700 'l'u
1169 1670 1217 1701 sol
1245 1671 1388 1702 lustrans

1094 1718 1138 1750 Et
1167 1719 1336 1751 illustrans

1145 1767 1327 1801 Saeculum.

998 1845 1049 1877 Sis
1076 1845 1259 1886 indulgens,

992 1894 1090 1928 Clara
1116 1893 1244 1935 fulgens

1041 1944 1151 1982 Facie,

993 1992 1060 2024 Mei
1087 2001 1220 2033 memor,

996 2040 1119 2081 Culpae
1145 2050 1278 2081 premor

1043 2089 1205 2123 Pondere.

1000 2166 1044 2199 Ut
1072 2167 1221 2207 Domino,

997 2216 1098 2255 Quem
1126 2215 1267 2255 nomino,

1042 2264 1119 2296 Mea
1145 2270 1240 2304 grata
1267 2267 1334 2299 sint
1359 2277 1470 2309 opera.

999 2341 1066 2374 Ora
1092 2340 1197 2373 Deum

999 2390 1138 2422 Placans
1165 2399 1248 2433 eum,

997 2439 1048 2471 Ne
1074 2447 1126 2470 me
1152 2448 1242 2472 reum

1049 2487 1176 2521 Inferni
1202 2488 1284 2532 Styx
1313 2491 1482 2533 deglutiat.
