1650 2727
682 133 946 170 —119—

591 258 654 290 145.
697 258 740 290 De
765 258 863 291 beata
883 257 984 290 Maria
1004 257 1041 288 V.

152 358 184 393 1.
210 358 292 402 Ave,
322 367 406 399 pura
432 365 466 391 m
493 359 614 399 puella,

210 406 418 440 nominantis
445 408 631 449 domicella,

212 455 311 489 Cuius
336 460 408 489 tuto
433 455 492 488 sub
519 457 676 489 mantello

211 504 332 537 Nullus
356 506 455 538 timor
481 510 532 537 est
557 506 695 546 misello,

258 553 323 586 Sed
350 554 464 586 timido
492 554 676 587 latibulum.

150 653 184 686 2.
212 651 312 685 Nulla
337 653 471 685 inventa
496 652 611 685 similis

210 700 271 734 Est
299 701 332 732 in
359 701 492 734 milibus
518 700 658 743 feminis,

214 749 356 782 Gestans
383 749 547 783 Christum
575 750 607 782 in
634 752 758 792 gremio

210 798 256 832 Et
282 799 415 840 pariens
441 809 513 832 cum
540 800 659 842 gaudio

260 849 379 881 Mundi
405 849 614 883 salvatorem.

148 948 181 980 3.
208 946 340 980 Dilecta
365 956 451 979 nune
477 947 582 987 gaude
607 956 690 989 mea,

210 995 309 1028 Cuius
337 995 459 1029 vadunt
486 996 518 1028 in
546 995 666 1029 chorea

208 1044 328 1078 Omnes
355 1045 402 1078 tui
428 1046 595 1086 spiritales

208 1094 338 1135 sponsi,
368 1094 414 1127 tui
443 1094 594 1135 curialeS,

260 1143 322 1184 Qui
342 1149 431 1176 tuum
452 1146 585 1176 cantant
603 1143 779 1177 canticum.

857 362 889 393 4.
920 359 1047 400 Regina
1074 359 1156 390 caeli
1182 359 1320 395 exsulta,

918 409 1021 446 Auro,
1051 408 1186 449 gemmis
1214 407 1295 439 bene
1323 408 1416 445 fulta,

917 457 970 488 Ad
998 460 1031 488 te
1057 460 1167 488 nostra
1195 465 1285 488 mens
1310 458 1465 497 suspirat,

917 507 980 545 Qui
1006 510 1039 537 te
1065 509 1163 543 amat,
1190 514 1254 536 non
1283 504 1413 546 delirat,

965 555 991 587 Ο
1020 562 1122 593 amor,
1150 563 1168 585 ο
1194 554 1392 585 amoenitas!

859 655 890 686 5.
921 652 1046 694 Electa,
1077 652 1219 683 candens
1248 650 1359 689 facies,

922 701 1010 733 Caeli
1039 701 1293 733 transscendens
1319 701 1416 743 acies,

918 749 1063 791 Dignare
1090 759 1147 781 nos
1175 751 1310 790 erigere.

921 800 1061 832 Facie-ns
1090 802 1123 830 tu
1152 799 1288 839 diligere

969 849 1097 881 Sortem
1125 848 1304 880 beatorum.

856 948 888 979 6.
918 946 1028 978 Arbor
1054 945 1276 986 praepulchra
1301 944 1446 985 floribus,

918 995 964 1027 Te
994 993 1118 1027 fructus
1145 994 1355 1026 suavissimus

919 1043 1115 1076 Subintrans
1143 1043 1266 1075 ventris
1296 1043 1472 1075 clausulam

916 1093 1055 1126 Onustat
1081 1092 1294 1124 castissimam

967 1142 1091 1176 Cellam
1119 1142 1380 1183 pigmentariam.

501 1243 531 1276 7.
559 1242 667 1279 Salve.
694 1242 809 1274 salutis
836 1239 948 1283 facies,

559 1291 705 1323 Centena
732 1291 822 1323 mille
848 1300 907 1330 per
934 1290 1032 1330 viceS,

558 1340 627 1373 Fac
653 1339 809 1373 mundum
837 1349 895 1372 nos
922 1339 1101 1380 despicere,

557 1389 679 1422 Tecum
707 1398 765 1422 nos
792 1398 922 1429 semper
948 1389 1068 1428 vivere,

606 1439 632 1472 Ο
661 1439 771 1471 nutrix
799 1447 984 1480 egenorum.

210 1539 296 1567 Cant.
327 1546 381 1565 ms.
413 1537 566 1574 Pragense
593 1536 777 1569 (wenceslai
810 1536 846 1564 de
875 1536 1059 1572 VVyskytna)
1091 1537 1160 1563 :mni
1196 1534 1278 1563 1513.
1308 1534 1379 1562 cml.
1409 1535 1485 1562 Mus.

126 1578 252 1607 Bohem.
277 1577 354 1606 XIII
375 1578 397 1605 A
422 1575 449 1603 2.
472 1593 509 1597 -
531 1575 557 1608 2,
581 1573 598 1602 2
619 1576 677 1604 Est
698 1577 729 1603 in
751 1576 875 1603 milibus
898 1577 929 1603 iu
952 1576 1097 1603 femineis.

583 1752 646 1784 146.
690 1752 731 1783 De
754 1750 851 1784 beata
874 1750 977 1783 Maria
1000 1751 1036 1782 V.

142 1857 176 1890 1.
204 1856 380 1890 Cantemus
407 1855 522 1887 laudes
550 1855 669 1896 virgini

207 1905 335 1945 Cuncti,
362 1913 457 1938 senes
484 1909 516 1937 et
541 1904 681 1946 parvuli,

202 1955 296 1989 Haec
322 1958 371 1986 est
398 1963 472 1987 rosa
498 1952 649 1986 floridior

203 2004 355 2046 Lilioque
382 2003 567 2038 candidior.

144 2105 177 2139 2.
205 2103 329 2137 Rident
352 2111 492 2143 namque
518 2102 601 2135 caeli
627 2103 658 2135 ei

200 2154 393 2193 vocantque
421 2157 560 2185 matrem
585 2153 669 2194 spei,

199 2202 256 2243 Et,
282 2203 309 2234 si
339 2201 429 2235 dicas
456 2203 529 2234 Ave
555 2202 596 2243 ei,

201 2251 332 2285 Cedunt
357 2251 533 2284 daemones
559 2250 621 2285 rei.

138 2354 173 2388 3,
198 2351 297 2384 Illam
323 2358 398 2382 nam
424 2349 617 2383 Ber-nardus
646 2349 762 2390 inquit,

203 2399 276 2434 Non
305 2398 434 2433 dubites
461 2399 554 2440 haec,
583 2397 655 2433 fore
682 2399 740 2442 sic,

203 2449 296 2483 Haec
320 2452 368 2480 est
394 2447 450 2490 pia
475 2448 637 2482 advocata

199 2499 381 2538 Tutrixque
406 2503 617 2540 praeparata.

853 1856 886 1890 4.
916 1854 992 1887 Sola
1019 1863 1094 1895 spes
1121 1854 1201 1886 haec
1228 1855 1432 1890 miserorum,

915 1906 1017 1944 Quam
1046 1902 1167 1946 opifex,
1194 1913 1252 1936 rex
1280 1905 1456 1938 caelorum.

914 1954 1021 1994 Super
1048 1954 1164 1986 choros
1191 1953 1379 1995 angelorum

914 2003 1051 2036 Locavit
1079 2004 1111 2035 in
1138 2003 1265 2038 solium.

855 2104 886 2136 5.
915 2103 941 2136 Ο
968 2102 1160 2135 advocatrix
1188 2101 1338 2143 benigna,

915 2152 1094 2193 Rogamus,
1121 2155 1155 2183 tu
1182 2161 1240 2184 nos
1267 2152 1398 2192 assigna

914 2201 1121 2235 Dominatori
1149 2204 1337 2234 cunctorum

915 2251 953 2284 In
981 2252 1145 2292 vitamque
1173 2251 1353 2283 beatorum.

851 2350 884 2382 6.
913 2350 1069 2390 Speciosa
1095 2359 1114 2382 o
1141 2349 1278 2390 virgula,

909 2400 999 2440 Quae
1026 2399 1158 2431 excedis
1185 2397 1369 2439 amvgdahx,

912 2448 1005 2482 Gena
1031 2452 1087 2481 tua
1114 2447 1245 2481 rubens.
1269 2447 1359 2480 clara

912 2497 1150 2539 Pulchriorque
1176 2506 1333 2540 purpura.
