1650 2727
666 163 906 200 -35-

696 281 800 309 Lectio
822 279 875 309 IV.

348 349 432 383 Inde
458 347 621 381 salutiferi
647 350 834 391 spargendo
860 349 984 382 semina
1012 350 1105 382 verbi

346 397 464 432 Omnia
488 398 678 439 perlustrat.
706 398 788 431 caeli
815 398 873 430 sed
901 398 1048 439 pondere
1077 397 1182 430 fessus

347 446 492 486 Indiguit
516 450 614 487 potu3
642 448 689 479 sic
716 446 816 480 verba
844 447 1015 487 precantia
1041 446 1183 480 fundens

347 496 437 538 Figit
463 495 551 528 humi
579 496 728 528 baculum
755 496 910 529 torrentis
939 500 969 528 et
997 496 1121 537 excipit
1149 495 1296 527 haustum

704 603 808 630 Lectio
830 602 866 629 V.

348 673 435 705 Hinc
462 672 570 704 natale
596 673 700 704 solum
727 672 858 714 repetit,
889 671 1050 704 fanaticus
1076 681 1169 704 error

349 721 415 754 Sub
444 721 586 753 dictione
613 722 695 753 truci
724 721 811 762 quod
837 721 945 753 adhuc
973 727 1107 753 vexarat
1135 722 1286 752 enormis.

348 770 464 812 Sicque
491 771 667 811 sacrilegos
694 775 785 802 actus
813 773 844 801 et
872 768 992 802 frivola
1018 779 1112 803 sacra

348 819 566 852 Destituenda
592 828 737 856 monens.
766 819 876 860 gladio
903 823 1073 852 truncatus
1100 820 1132 851 in
1161 819 1261 850 altum

347 869 523 902 Subruitur
550 869 694 911 pelagus,
723 869 850 911 superis
879 869 1067 900 concivibus
1093 873 1218 901 auctus

692 976 796 1002 Lectio
820 974 869 1001 VI.

350 1044 480 1078 Perfida
508 1053 596 1086 genS,
625 1054 763 1085 agnosce
792 1043 906 1086 Deum,
936 1054 1018 1084 quae
1046 1045 1126 1076 talia
1153 1044 1270 1076 cernis.

353 1094 479 1126 Deserit
508 1093 595 1125 unda
621 1103 712 1125 suum
741 1093 888 1125 revoluto
912 1092 1044 1125 flumine
1072 1102 1200 1125 cursum

350 1143 393 1176 Et
415 1147 524 1175 servat
551 1141 735 1183 stupefacta
763 1151 892 1174 sacrum
918 1141 1107 1175 famulando
1134 1142 1333 1174 thesaurum.

349 1192 398 1224 Tu
425 1200 551 1232 quoque
578 1200 674 1223 saeva
703 1199 813 1223 manes
842 1191 940 1222 nullis
967 1192 1126 1223 exterrita
1153 1191 1279 1230 signis?

348 1242 471 1282 Aspice
497 1240 713 1281 christicolas,
742 1244 775 1272 ut
803 1240 888 1271 laeto
916 1245 1049 1280 pectore
1077 1239 1234 1281 plaudant

347 1290 589 1331 Exponantque
616 1290 708 1321 vadis
735 1298 854 1328 corpus
881 1289 1070 1321 venerabile
1097 1289 1205 1322 siccis.

684 1397 788 1424 Lectio
811 1396 876 1423 VH.

343 1468 422 1508 Quis
449 1467 588 1498 reticere
615 1467 701 1498 valet
729 1466 811 1499 tanti
839 1466 995 1497 miracula
1023 1465 1113 1504 facti,

344 1518 434 1556 Quae
461 1516 531 1547 sine
558 1516 587 1547 vi
615 1525 734 1556 supera
763 1524 820 1547 nec
846 1514 895 1547 fas
923 1519 973 1546 est
999 1516 1135 1547 credere
1162 1514 1280 1555 gesta?

345 1566 428 1597 Nam
456 1570 553 1605 caput
581 1565 758 1597 abscissum
788 1574 861 1596 mox
888 1568 923 1596 ut
949 1564 1135 1597 fluvialibus
1160 1564 1255 1596 undis

342 1614 519 1653 conicitur,
547 1615 656 1646 statim
682 1614 768 1646 nivei
795 1614 947 1646 candoris
974 1614 1015 1646 ad
1043 1615 1147 1646 instar

341 1664 484 1697 Caelitus
510 1663 667 1695 assistunt
694 1664 861 1696 volucrum
890 1662 955 1697 duo
982 1672 1120 1703 corpora
1148 1663 1285 1702 pulchra

340 1713 595 1755 Impositumque
622 1713 685 1744 rati
714 1713 845 1754 ducunt,
875 1712 1025 1745 mirabile
1057 1713 1155 1754 dictu,

338 1762 486 1802 Remigio
513 1762 648 1798 alarum,
678 1762 797 1794 colitur
823 1771 885 1802 qua
911 1762 981 1793 iure
1009 1762 1157 1802 perenni.

667 1869 772 1897 Lectio
794 1869 877 1896 VIII.

336 1940 398 1980 Qui
425 1940 510 1971 iusto
536 1944 714 1980 sanctoque
741 1940 811 1972 viro
838 1939 978 1971 caeleste
1005 1939 1213 1977 brandivum,

337 1989 548 2030 Gymnasium
577 1989 691 2020 mortis
718 1987 794 2021 forti
825 1989 1002 2021 certamine
1028 1989 1194 2028 quondam

336 2039 411 2072 Rite
438 2038 666 2079 triumphanti,
695 2039 803 2070 rutilis
831 2038 990 2070 concessit
1018 2039 1050 2070 in
1078 2038 1176 2070 astris

336 2088 504 2128 Hosteque
531 2088 661 2120 devicto
687 2088 802 2128 spoliis
831 2088 949 2119 ditavit
976 2088 1094 2129 opimis

333 2138 443 2179 Atque
470 2141 659 2169 coronatum
687 2137 815 2169 victrici
843 2141 992 2178 tempora
1020 2138 1111 2169 lauro

334 2186 502 2228 Angelicis
530 2187 641 2219 cuneis
668 2187 786 2219 ascivit
812 2186 882 2218 iure
909 2187 1066 2227 sodalem,

334 2236 416 2270 Cum
442 2235 559 2277 quibus
586 2240 720 2268 aeterna
747 2235 868 2267 fruitur
895 2236 965 2268 sine
992 2239 1141 2276 tempore
1169 2235 1266 2269 doxa.

168 2334 294 2362 Gollect.
319 2345 374 2362 ms.
400 2336 431 2363 S.
460 2335 540 2370 Lupi
566 2333 691 2362 Trecen.
719 2342 797 2361 saec.
826 2331 870 2360 10.
899 2330 942 2369 [et
969 2330 1028 2369 lt]
1050 2333 1124 2362 Cod.
1144 2333 1269 2360 Treceu.
1301 2331 1385 2360 1120.
1410 2348 1445 2351 —

90 2373 172 2402 Lect.
200 2375 257 2403 ΠΙ.
288 2383 317 2402 v.
349 2373 367 2403 2
395 2375 474 2403 Iure.
498 2387 537 2393 —
559 2374 641 2401 Lect.
671 2373 754 2401 vm.
788 2381 816 2398 v.
847 2370 863 2398 7
892 2377 1038 2409 tempora.
1062 2388 1097 2392 —
1120 2373 1177 2401 Die
1208 2371 1232 2399 1.
1257 2373 1360 2400 Lectio
1393 2373 1445 2399 dv<

89 2413 245 2442 Officiums
271 2423 334 2443 war
356 2413 518 2451 jedenfalls
547 2413 590 2441 de
620 2421 662 2440 sa
675 2421 740 2440 cra
772 2412 978 2448 scriptura.
1027 2413 1099 2440 Man
1127 2412 1268 2444 beachte,
1303 2411 1369 2439 dass
1398 2412 1445 2438 «lie

89 2455 193 2482 zweite
207 2455 335 2483 Lection
356 2456 441 2487 zwei,
461 2453 511 2481 die
532 2453 623 2480 dritte
642 2452 716 2485 drei,
737 2452 786 2480 die
807 2452 902 2479 vierte
923 2453 988 2480 vier
1004 2452 1096 2480 Verse
1119 2451 1201 2480 zamt
1223 2461 1251 2478 n.
1275 2461 1296 2477 s*
1314 2452 1332 2478 f.
1370 2452 1444 2479 Dar-

89 2501 144 2522 aus
168 2493 241 2532 geht
265 2494 388 2528 hervor,
417 2493 483 2522 dass
509 2492 562 2520 der
588 2490 616 2520 8.
646 2493 772 2520 Lection
800 2491 850 2519 ein
873 2492 948 2519 Vers
978 2492 1066 2525 fehlt,
1095 2501 1156 2519 was
1186 2491 1262 2518 auch
1293 2490 1345 2518 dei·
1368 2492 1443 2519 Siun

89 2533 242 2572 beststigt,
264 2534 303 2563 da
324 2534 393 2563 dem
415 2534 504 2563 satze
525 2531 579 2560 der
600 2531 752 2560 Nachsatz
774 2530 857 2559 fehlt.

1229 2576 1270 2607 3*
