1650 2727
698 181 742 186 -
796 161 842 197 55
894 180 939 186 -

186 260 218 292 2.
247 260 378 293 Semina
405 258 517 291 divina
851 259 882 291 2.
912 257 1060 298 Namque
1087 257 1287 292 sacerdotes.

293 316 451 349 spargens
469 307 525 339 ubi
541 316 619 340 voce
637 306 786 348 benigna,
961 307 1124 340 Christum
1137 305 1369 338 venerantibus
1378 306 1498 340 hostes,

247 357 412 398 Purificat,
440 356 577 389 mundat
912 355 1104 387 Maurilium
1131 355 1294 395 quendam

295 406 406 446 plures
432 405 640 446 baptismatis
665 404 766 437 unda.
969 400 1157 446 pretio[que
1169 403 1216 446 et]
1227 412 1360 435 munere
1371 408 1500 443 parant.

189 494 220 528 3.
248 493 326 526 Mox
355 492 472 534 quibus
498 492 619 526 ablutis
859 493 891 524 3.
919 491 1042 524 Romae
1066 489 1264 532 praefectus,

300 542 462 583 capiendo
489 542 589 574 verba
617 540 732 573 salutis
969 541 1022 580 qui
1052 540 1219 572 daemonis
1247 544 1318 573 arte
1351 538 1502 582 refertus,

251 591 360 626 Corda
387 590 529 631 maligna
555 596 662 622 tamen
916 590 1041 621 Aurum
1069 593 1277 629 spernentem

299 641 504 672 conclamant
530 639 776 681 pseudovatem.
966 647 1070 679 neque
1099 638 1284 670 sacrificare
1314 637 1476 669 volentem

917 687 1123 728 Discipulum
1152 687 1274 719 Christi

364 766 577 801 Responsoria.
968 735 1147 776 permultat
1174 736 1310 768 verbere
1339 736 1437 768 tristi.

857 826 888 858 4.
917 825 1134 858 Christicolae
1160 824 1272 865 plurcs

971 874 1113 907 clamant
1141 874 1193 914 pie
1219 872 1474 913 compatientes:

926 924 992 955 Cur
1017 927 1129 964 pereat
1159 931 1265 958 saeve,

970 973 1024 1012 qui
1053 972 1222 1013 praedicat
1250 970 1357 1003 omnia
1382 970 1482 1004 vere?

188 846 223 878 1.
247 845 334 878 Dum
363 844 466 877 trabit
492 854 511 876 a
537 844 660 876 morbis

300 894 464 927 dominam
472 919 479 932 ,
490 903 572 934 quae
584 893 715 933 dicitur,
726 892 827 932 orbis,

250 943 438 984 Discipulos
465 943 565 974 mittit

299 992 359 1024 lati
388 1000 448 1033 per
475 991 607 1024 climata
634 989 760 1030 muudi,

179 1042 216 1076 V.
250 1041 422 1073 Ecclesiae
448 1044 541 1072 natos

302 1091 433 1131 pariam
461 1099 525 1129 quo
552 1087 787 1128 multiplicatos
862 1063 893 1092 5.
924 1061 1061 1092 Praeses
1090 1059 1130 1090 ad
1160 1060 1239 1091 haec
1267 1062 1383 1096 motuS,

975 1109 1064 1141 nullo
1092 1108 1314 1140 moderamine
1342 1105 1438 1146 fotus,

924 1157 994 1190 Hos
1021 1158 1134 1190 novies
1158 1158 1299 1198 quinque

192 1180 222 1212 2'
257 1178 373 1218 Plrgus
400 1177 442 1208 ad
470 1176 550 1208 haec
578 1175 721 1208 mundus
974 1216 1072 1247 super
1098 1206 1232 1239 aethera
1260 1205 1376 1238 detulit
1405 1214 1492 1237 ense.

304 1225 478 1258 dialectico
503 1225 635 1258 turbine
661 1224 745 1256 fixus

253 1274 389 1307 Obstitit
416 1278 512 1314 atque
537 1273 634 1307 fidem

305 1324 368 1356 sibi
390 1323 490 1356 draco
509 1324 634 1356 colorat
651 1323 800 1363 eandem,
1059 1332 1103 1360 Ad
1127 1332 1312 1359 Benedictus.

188 1375 228 1405 V.
258 1374 370 1407 Cesset
398 1376 433 1404 ut
459 1373 595 1415 athleta,

306 1423 379 1455 Iesu
406 1430 447 1453 ne
473 1422 569 1453 vinea
596 1423 732 1454 crescat.
866 1413 906 1444 A·
928 1412 1121 1445 Pontificum
1151 1421 1273 1445 norma-

977 1461 1135 1501 splendor
1150 1462 1357 1501 pretiosaque
1374 1469 1511 1501 gemma.

195 1512 227 1544 3.
256 1510 321 1543 Sed
348 1519 388 1542 ne
415 1509 641 1550 cathegoricus
930 1509 1025 1542 Serta
1052 1510 1233 1542 venustatis

305 1559 414 1600 palma
441 1558 582 1591 laetetur
608 1558 748 1598 iniquus,
978 1560 1121 1592 retinens
1151 1568 1222 1590 cum
1250 1559 1485 1599 martyrizatis,

252 1608 434 1641 Doctorum
463 1607 579 1640 doctor
928 1608 1093 1641 Scandere
1121 1608 1281 1640 celsorum

306 1658 392 1689 vires
420 1661 516 1697 parat
541 1657 598 1689 ille
624 1655 785 1697 ministro,
976 1660 1019 1690 da
1046 1657 1139 1690 nobis
1168 1667 1266 1698 regna
1294 1657 1455 1699 polorum,

188 1707 227 1741 V.
257 1707 315 1740 Cui
345 1706 444 1739 dicit:
473 1706 517 1739 Os
543 1706 646 1747 aperi,
925 1707 986 1746 Qui
1013 1706 1161 1739 barathri
1190 1707 1333 1739 claustro

303 1765 363 1796 per
386 1764 438 1787 me
463 1755 550 1796 quod
567 1755 650 1788 seito
669 1753 804 1794 repleri.
978 1765 1113 1797 puerum
1151 1756 1305 1795 precibus
1338 1756 1511 1788 revocasti.

325 1904 368 1936 In
407 1902 644 1936 Laudibus.
1001 1906 1045 1938 In
1084 1905 1117 1937 2.
1157 1904 1378 1944 vesperis

379 1980 582 2017 Antiphonae.
1062 1981 1108 2010 Ad
1132 1982 1317 2017 Magnificat.

197 2074 229 2105 1.
258 2072 336 2106 Cum
364 2071 438 2112 pius
465 2070 591 2103 athleta
866 2072 907 2106 A.
928 2072 1078 2112 Corpora
1105 2076 1290 2103 sanctorum

306 2119 419 2153 mnndi
447 2118 530 2161 fugit
552 2120 660 2152 omnia
687 2120 788 2163 laeta,
979 2122 1180 2154 tumulantur
1207 2121 1331 2153 honore
1361 2120 1490 2160 piorum

255 2169 412 2211 Martyrii
438 2169 580 2210 palmam
929 2170 1062 2202 Vertice
1088 2170 1148 2201 sub
1176 2171 1305 2208 montis,

306 2220 397 2253 Deus
419 2218 506 2251 bunc
525 2219 645 2251 invitat
671 2218 713 2250 ad
734 2219 866 2255 almam.
982 2221 1146 2253 vocitatur
1172 2220 1225 2260 qui
1254 2219 1466 2252 Macarontis.

164 2350 167 2354 ,
238 2327 327 2355 Brev.
350 2336 405 2355 ms.
419 2327 575 2354 Romanae
590 2327 701 2355 Curiae
723 2327 792 2354 anni
819 2324 903 2355 1318.
920 2326 991 2354 cod.
1008 2327 1147 2354 Vatican.
1171 2324 1255 2353 6009.
1279 2325 1347 2353 add.
1371 2335 1448 2353 saec.
1475 2325 1518 2354 14.

155 2383 193 2388 -
216 2367 261 2395 In
284 2365 308 2394 1.
324 2367 431 2404 Vesp.
454 2366 480 2394 A
502 2364 529 2400 2,
552 2365 570 2393 3
591 2365 674 2395 dedit
691 2369 847 2394 tartarum.
869 2382 904 2386 —
922 2366 947 2395 A
969 2365 996 2399 4,
1018 2365 1037 2393 3
1058 2370 1228 2394 coronatur.
1251 2381 1288 2385 —
1305 2366 1329 2394 A
1346 2364 1372 2397 5,
1397 2365 1414 2391 Γ)
1434 2374 1517 2401 para-

159 2407 281 2436 disicas.
302 2421 339 2426 —
356 2407 399 2435 In
423 2404 447 2434 1.
463 2406 570 2434 Noct.
592 2405 618 2434 A
640 2403 668 2438 2,
690 2403 708 2432 2
729 2407 853 2442 potitus.
874 2420 911 2424 —
927 2405 952 2434 A
975 2405 1001 2439 3,
1026 2405 1101 2434 lAd
1117 2406 1230 2433 Petrus.
1253 2420 1290 2424 —
1308 2407 1346 2432 ln
1370 2405 1395 2431 ¹2.
1413 2405 1518 2432 Noct.

155 2447 182 2477 A
206 2445 234 2480 1,
255 2444 274 2475 6
294 2449 430 2484 tempore
450 2446 542 2473 notis.
565 2461 603 2464 —
617 2446 660 2473 In
681 2443 708 2473 3.
724 2445 829 2473 Noct.
843 2444 872 2474 R
903 2443 930 2476 3,
952 2444 971 2473 4
991 2447 1156 2473 ministros.
1179 2460 1215 2464 —
1232 2444 1261 2473 R
1276 2444 1303 2476 2³1,
1327 2443 1344 2469 ἴ)
1359 2445 1419 2478 Qui
1436 2444 1519 2472 dixit.

155 2501 192 2507 --
216 2486 259 2515 In
287 2486 403 2515 Laud.
425 2484 451 2514 A
479 2483 513 2519 2,
541 2484 561 2513 4
589 2493 713 2513 munere
734 2488 831 2512 arant.
856 2499 894 2504 --
922 2485 966 2513 Zu
988 2485 1136 2514 beachten
1159 2486 1190 2512 in
1213 2484 1239 2513 2.
1266 2485 1352 2513 Noct.
1375 2481 1402 2511 A
1428 2482 1441 2511 1
1467 2484 1520 2512 das

154 2526 360 2556 Akrostichou
383 2525 511 2554 Adam.
