1650 2727
196 227 231 261 2.
262 228 299 260 In
326 229 418 260 horto
444 229 583 268 quodam
610 228 719 264 fuerat

315 276 434 310 I'umba
462 277 676 317 dominicalis,

261 325 378 366 Ioseph
405 335 500 367 quam
526 326 704 366 exciderat,

312 374 369 406 Vir
395 375 527 408 Christo
552 376 716 417 specialis.

263 423 289 456 Ο
314 424 484 463 praeclara

260 471 385 505 Tumba
411 481 497 513 cara,

309 520 407 553 Nulla
434 520 501 552 visa
528 521 620 553 talis!

260 609 297 640 In
326 607 434 638 cordis
461 607 562 638 nostri
590 607 713 638 tumulo

310 654 460 687 Christus
487 655 666 695 sepeliatur

260 704 302 736 Et
331 703 485 735 virtutum
513 703 641 736 cumulo

310 751 467 784 Feliciter
494 757 644 792 ungatur,

223 827 229 834 .
266 802 346 833 Cum
374 802 447 840 scis,
476 801 581 840 qualis

261 850 404 889 Hospes,
432 849 506 881 talis

308 898 412 938 Digne
441 898 654 929 custodiatur.

327 1025 370 1056 In
408 1023 645 1056 Laudibus·

381 1087 403 1113 A
410 1085 584 1122 ntiphonae.

195 1167 225 1200 1.
259 1166 446 1199 Laudemus
486 1174 571 1197 nunc
606 1165 800 1208 sepulcrum,

309 1215 434 1248 Christi
461 1213 568 1245 locum
595 1213 749 1252 nobilem,

260 1266 296 1297 ln
323 1273 360 1295 eo
387 1273 460 1295 nam
490 1264 652 1303 sepultum

308 1312 458 1345 Vidimus
486 1311 694 1343 immobilem.

262 1402 298 1433 In
324 1409 418 1432 sacro
449 1403 655 1431 monumento

310 1449 431 1482 Christi
459 1456 576 1487 corpus
604 1447 714 1486 iacuit,

262 1498 415 1538 Undique
442 1500 606 1536 unguento

310 1546 469 1587 Fraglans
496 1545 730 1577 balsamizavit.

199 1632 231 1664 3.
263 1631 334 1663 Hoc
361 1628 480 1669 Ioseph
509 1628 652 1660 cisterna

313 1678 503 1718 Sepulcrum
532 1676 695 1718 figuravit,

815 132 860 170 20
909 151 958 158 —

960 231 998 264 In
1024 238 1088 270 quo
1114 237 1180 269 pax
1206 231 1343 260 aeterna

1007 278 1151 319 Metipsa
1177 274 1348 308 habitavit.

894 368 927 400 4.
960 367 1008 400 De
1033 364 1219 400 Arimathia

1010 415 1128 455 Ioseph
1154 423 1174 445 a
1200 411 1374 454 spectabili

961 464 1020 496 Est
1047 467 1165 504 parata
1192 462 1244 494 via

1015 512 1138 546 Christi
1162 510 1294 543 tumbae
1319 509 1433 542 habili,

889 602 921 634 5.
954 601 1060 632 Locus
1087 610 1107 632 a
1131 601 1238 632 locato

1010 648 1107 682 Clare
1133 652 1318 687 serenatur,

961 696 1103 737 Christo,
1130 697 1200 729 Deo
1227 701 1313 732 nato,

1009 745 1106 786 Laus,
1133 747 1245 787 honor,
1271 744 1378 776 virtus
1398 744 1505 778 datur.

1054 841 1099 868 Ad
1124 841 1313 869 Benedictus.

887 911 927 943 A.
961 910 1151 951 Sepulcrum
1174 911 1409 952 praeelegerat,

964 959 1043 992 Cum
1070 967 1130 998 per
1152 958 1345 998 prophetam
1367 958 1506 999 dixerat,

1011 1006 1103 1047 Quod
1131 1010 1215 1038 esset
1242 1006 1437 1048 gloriosum;

963 1055 1165 1089 Adcelerent
1190 1055 1234 1087 ad
1260 1055 1349 1096 quod
1373 1055 1508 1096 plurimi

964 1105 1007 1138 Et
1034 1108 1231 1136 venerentur
1257 1103 1369 1138 cernui

1012 1153 1182 1186 Miraculis
1210 1151 1381 1186 famosum.

1088 1281 1107 1303 0

1089 1304 1120 1313 1--

1007 1280 1053 1314 In
1157 1278 1382 1320 Vesperis.

1063 1347 1109 1374 Ad
1131 1347 1316 1383 Magnificat.

964 1427 1136 1461 Gaudeant
1164 1427 1364 1467 archangeli,

965 1477 1143 1510 Laetentnr
1170 1479 1202 1506 et
1229 1475 1338 1517 angeli

1012 1525 1049 1558 In
1073 1525 1133 1557 hac
1159 1522 1348 1563 festivitate,

965 1576 1034 1615 Qua
1061 1573 1184 1606 Christi
1210 1574 1322 1606 tumba
1349 1574 1467 1606 colitur

965 1624 1011 1656 Et
1036 1623 1190 1655 laudibus
1217 1622 1387 1655 extollitur

1017 1671 1119 1704 Sacra
1146 1671 1376 1704 sollemnitate.

243 1757 324 1783 viat.
352 1764 404 1782 ωε.
427 1753 655 1781 XVratislavien.
685 1753 755 1780 anni
786 1749 871 1778 1412.
892 1749 964 1777 Cod.
986 1749 1213 1777 VVratislavien.
1243 1747 1330 1778 1132.
1355 1764 1393 1769 —
1421 1750 1459 1778 In
1488 1749 1513 1778 l.

167 1797 255 1831 Vesp.
288 1796 331 1822 Ad
358 1794 458 1829 Magn.
481 1792 521 1824 A,
549 1791 568 1819 4
596 1792 652 1819 lies
680 1792 725 1819 Ad
754 1790 887 1818 tumbam
918 1789 989 1816 oder
1016 1792 1163 1825 paratum.
1186 1805 1223 1808 —
1252 1789 1289 1816 ln
1321 1789 1435 1818 Laud.
1465 1789 1514 1817 Ad

167 1834 275 1863 Bened.
298 1834 339 1866 A,
367 1832 385 1859 4
411 1833 466 1860 lies
494 1832 685 1859 Adcurrant?
714 1845 751 1851 -.
782 1830 936 1865 Hymnen:
970 1830 1004 1856 In
1042 1827 1066 1855 l.
1095 1829 1195 1864 Vesp:
1225 1829 1303 1856 Rex
1336 1829 1513 1865 gloriose

166 1874 337 1907 nimium3
359 1872 412 1899 Ad.
435 1871 586 1906 complet:
615 1870 664 1897 De
694 1869 875 1906 sepulcro
899 1868 1083 1896 irradiat.

517 2010 545 2040 4.
589 2009 623 2040 ln
647 2005 910 2039 Praesentatione
931 2006 1051 2038 Beatae
1073 2006 1137 2037 MV.

310 2109 352 2141 In
382 2108 412 2141 1.
442 2106 674 2139 Nocturno.

390 2211 589 2247 Antiphonae.

208 2324 236 2356 1.
270 2322 372 2356 Utero
398 2325 544 2352 materno

320 2369 397 2403 Fuit
423 2372 613 2402 consecrata

269 2419 386 2453 Mundi
411 2420 654 2458 redemptorem

320 2469 424 2509 Virgo
449 2467 608 2509 paritura.

905 2103 937 2136 2.
969 2101 1115 2135 offerunt
1141 2103 1174 2135 in
1201 2106 1324 2145 templo

1019 2150 1183 2191 Virginem
1211 2158 1377 2196 parentes,

969 2199 1015 2232 Ut
1041 2204 1210 2238 voverunt,
1239 2201 1308 2233 Deo

1017 2247 1099 2280 Eam
1126 2250 1364 2289 mancipantes.

906 2317 939 2350 3.
970 2317 1158 2350 pneumatis
1186 2316 1341 2358 impletur

1018 2363 1206 2398 Gratiarum
1234 2367 1339 2406 donis,

969 2413 1046 2446 Veri
1074 2414 1254 2446 adornatur

1019 2462 1191 2504 Templum
1223 2463 1416 2500 Salomonis.
