1650 2727
689 146 955 181 —126—

590 289 648 321 157.
689 289 732 321 De
753 291 863 321 sancta
886 289 1058 322 Dorothea.

186 369 218 401 1.
246 368 382 400 Dulcem
409 370 490 402 caeli
517 371 738 403 collaudemus
890 373 921 405 2.
949 372 975 404 Ο
1004 371 1143 404 dulcedo
1170 371 1314 412 pietatis,

296 418 461 459 Virginem
489 428 560 451 cum
587 420 726 460 agmine,
998 420 1068 452 Rex
1093 421 1268 458 caelorum,
1297 418 1448 459 Domine,

246 466 364 499 Omnes
391 468 485 499 simul
514 468 722 500 decantemus
949 468 1166 509 Temporibus
1192 469 1246 509 qui
1273 468 1406 500 mutatis

297 516 398 549 Laeto
423 517 653 554 modulamine,
1000 517 1120 557 Reples
1145 521 1268 550 terram
1295 516 1452 557 germine,

165 601 219 635 R⁰
246 603 426 643 Regulante
454 604 586 636 chorum
870 603 924 637 R⁰
951 603 1025 638 Hoc
1051 604 1100 643 (in
1127 604 1252 644 mense)
1280 604 1464 636 Februario

297 652 409 683 Puella
436 652 537 684 nobili
951 653 1057 685 Rosae
1085 653 1161 685 dum
1187 653 1362 685 mittuntur

247 725 683 734 ........
1000 711 1019 734 a
1045 706 1078 733 te
1104 702 1241 741 notario,

309 774 682 783 .......
953 750 1085 782 Puellae
1113 750 1209 782 datae

295 797 472 829 Dorothea.
1002 808 1062 838 pro
1088 799 1245 839 praemio.

520 887 551 918 3.
579 886 651 923 Eia,
680 886 780 927 virgo,
809 889 936 925 martyr
962 885 1037 926 Dei,

629 934 694 966 Ora
721 933 885 966 Christum
912 934 1096 977 Dominum,

579 982 735 1013 Adiutrix
760 982 805 1013 sis
831 986 964 1014 sanctae
990 983 1061 1022 spei

629 1030 763 1062 Laetum
791 1034 908 1071 optans
934 1031 1118 1064 terminum.

499 1117 552 1149 R⁰
580 1117 674 1150 Assis
701 1118 733 1149 in
761 1119 915 1149 extremis

630 1167 703 1198 Iesu
730 1176 789 1206 per
814 1167 975 1204 iuvamen,

581 1216 774 1247 Amovendo
802 1215 933 1247 fortiter

629 1265 763 1296 sostium
791 1274 939 1306 examen,

630 1317 700 1353 Quo
725 1314 895 1347 laetemur.

228 1401 312 1428 Cant.
346 1410 398 1427 nis.
428 1400 579 1437 Pragense
608 1402 791 1431 (Wenceslai
823 1401 859 1429 de
887 1401 1072 1437 Wyskytna)
1091 1396 1174 1430 'anni
1210 1401 1292 1430 1512.
1322 1403 1395 1431 Cod.
1423 1404 1500 1432 Mus.

146 1439 268 1467 Bolieni.
292 1439 368 1467 XIII
392 1441 415 1467 A
443 1438 469 1467 2.
491 1455 529 1459 —
551 1438 577 1469 2,
601 1440 618 1468 5
641 1442 706 1468 Hoc
729 1442 759 1468 in
781 1442 847 1467 viso
870 1441 1044 1468 Februario.

499 1576 560 1606 158.
605 1575 646 1606 De
669 1584 709 1607 ss.
731 1575 842 1608 Iacobo
865 1578 897 1608 et
918 1576 1155 1618 Christophoro.

186 1657 216 1689 1.
245 1657 283 1690 In
311 1657 372 1689 hac
400 1658 454 1689 die
482 1658 739 1699 christophorus
894 1660 925 1692 2.
955 1659 1128 1699 IohanneS,
1156 1659 1261 1692 frater
1285 1660 1408 1702 Iacobi,

245 1705 447 1747 Iacobusque
474 1708 642 1747 apostolus
954 1709 1052 1740 Alter
1076 1708 1163 1741 tilius
1189 1710 1334 1749 tonitrui,

246 1756 310 1788 Pro
336 1754 413 1787 fidei
440 1757 582 1797 suspirio
955 1757 1040 1789 Dum
1068 1762 1181 1790 tonant
1205 1759 1420 1802 evangelium,

245 1804 468 1836 Trucidantur
496 1806 664 1846 martyrio.
957 1806 1066 1839 Corda
1093 1806 1235 1840 fremunt
1262 1808 1457 1843 crudelium.

517 1895 548 1926 3.
578 1893 706 1925 Fratris
732 1897 809 1925 tunc
837 1894 918 1926 bibit
947 1895 1082 1926 calicem

576 1942 645 1974 Sibi
674 1943 935 1985 desiderabilem,

575 1991 661 2023 Hinc
687 1991 832 2031 iungitur
857 1991 1036 2034 altissimo,

575 2039 811 2071 Benedicamus
838 2040 988 2072 Domino.

225 2123 402 2159 Rozenplut,
424 2124 612 2159 Kancyonzil.
638 2123 719 2157 1601,
742 2135 770 2161 p.
793 2125 850 2153 497
875 2134 918 2162 sq.

522 2257 582 2288 159.
625 2257 667 2289 De
690 2267 714 2289 s.
737 2258 877 2289 Iohanne
898 2258 1125 2298 Evangelista.

179 2337 209 2369 1.
238 2337 400 2370 Iohannes
434 2337 525 2378 virgo
555 2338 684 2377 clarior,
890 2340 922 2372 2.
951 2339 1122 2372 scrutator
1148 2343 1366 2386 evangelicus,

237 2386 370 2418 Amicus
404 2385 534 2419 Christo
564 2387 680 2422 carior,
951 2387 1067 2420 Custos
1094 2389 1230 2431 virginis
1257 2395 1410 2439 caelicus,

239 2434 419 2474 Apostolus
447 2435 594 2474 electior,
951 2436 1058 2478 Supra
1083 2444 1198 2478 pectus
1224 2443 1385 2486 recubuit,

239 2482 423 2523 Discipulis
452 2483 613 2515 dilectior.
949 2485 986 2518 In
1012 2487 1125 2526 poenis
1150 2497 1214 2521 non
1238 2491 1402 2528 occubuit.
