1650 2727
669 186 711 190 -
765 165 808 201 77
861 185 909 190 -,

325 262 540 298 Responsoria.
850 264 891 298 V.
918 264 1038 303 Aegris
1065 263 1152 295 salus
1181 264 1342 304 redditur,

151 331 184 363 1ι
211 329 349 363 Praeses
373 331 408 362 in
435 331 633 363 dementiam
917 311 1002 344 Dum
1029 312 1218 352 sepulturae
1245 313 1399 347 traditur.

169 777 177 784 .
206 751 336 791 Martyr
362 751 494 784 tandem
522 753 684 793 pretiosus

212 377 332 410 Versus
359 379 401 412 ob
429 380 645 412 constantiam

259 427 424 460 Christum
451 428 648 470 profitentis,

210 475 306 509 Iubet
333 477 417 510 hunc
444 477 632 510 crudelibus

207 525 370 566 Torqueri
410 525 613 567 verberibus,

257 574 379 607 Arrisit
405 577 588 609 tormentis.

169 649 176 656 .
205 625 342 657 Paratus
369 625 402 656 in
435 625 554 665 gaudio

210 673 270 705 Pro
299 672 429 705 Christo
455 673 619 706 incendio.

206 801 278 833 Diis
306 800 453 840 profanis
480 802 624 842 odiosus,
689 780 696 795 ’

255 849 390 882 Ferreis
416 855 466 882 est
489 851 619 892 ungulis

256 899 437 932 Laceratus
464 900 627 942 scapulis3

170 976 177 982 .
206 947 301 980 Ferri
329 957 466 981 cernens
493 950 595 981 aciem

207 995 281 1029 Non
308 997 427 1029 avertit
455 996 582 1030 faciem.

236 1144 281 1176 In
316 1145 348 1178 3.
385 1143 621 1179 Nocturno.

298 1222 395 1257 Super
416 1221 562 1250 Psalmos.

170 1325 178 1333 .
206 1300 290 1333 Caro
314 1299 445 1334 fluvium
474 1303 621 1342 proiecta

257 1349 429 1391 Requievit
457 1360 516 1391 spe
541 1361 667 1392 secura,

209 1398 316 1440 Supra
342 1404 469 1440 petram
499 1401 574 1432 dum
603 1406 714 1434 evecta

255 1447 477 1481 Conservatur
501 1450 571 1482 avis
598 1459 686 1484 cura.

322 1556 535 1592 Respousoria.

170 1651 178 1659 .
205 1624 285 1658 Ales
312 1626 411 1657 missa
439 1626 574 1658 caelitus

253 1673 407 1706 Sanctum
435 1674 654 1716 obumbravit,

205 1723 353 1763 Aquilini
379 1723 510 1764 penitus

251 1773 377 1804 Ausum
405 1772 596 1814 confutavit,

205 1821 339 1863 Signum
359 1822 464 1854 crucis
484 1822 558 1855 dum
575 1824 749 1866 expressit,

203 1872 324 1905 Tortor
341 1871 454 1912 sperui
475 1872 561 1912 quod
576 1873 748 1913 suggessit.

165 1945 173 1954 .
202 1921 321 1954 Omnes
347 1921 498 1953 volucres
524 1925 699 1965 pennatae,

202 1969 328 2002 Nomen
356 1969 419 2002 Dei
446 1971 644 2004 collaudate.

166 2074 172 2081 .
201 2048 340 2082 Sanctus
367 2053 402 2082 ut
431 2050 584 2083 Valeriae

251 2097 294 2130 Se
321 2101 481 2131 monstrat
507 2099 719 2141 humandum,

201 2147 353 2181 Cernitur
377 2153 414 2180 ut
441 2148 548 2190 hodie,

250 2196 361 2230 Bubus
384 2197 427 2231 ad
455 2199 635 2239 potandum

199 2246 288 2280 Fons
314 2249 420 2280 scatet
446 2247 641 2280 ducentibus

249 2295 376 2337 Corpus
404 2298 648 2338 venerandum3

977 459 1022 490 In
1061 457 1301 490 Laudibus,

1038 534 1240 570 Antiphunae.

879 641 885 648 .
915 613 1064 648 Christus
1092 612 1285 646 fortitudine

963 664 1074 696 Cinxit
1100 662 1303 696 Florianum.

915 712 998 744 Dum
1027 713 1105 745 vicit
1132 712 1309 744 certamine

963 761 1145 793 Saevientis
1173 770 1313 794 manum.

881 886 887 893 .
916 859 1124 893 Exsultando
1147 859 1333 900 iubilemus,

915 910 1009 942 Hunc
1020 913 1190 949 patronum
1204 908 1289 948 quod
1303 908 1458 940 habemus

914 958 1003 998 Erga
1030 958 1145 995 Deum,
1174 968 1245 990 cum
1273 967 1336 997 quo
1365 958 1455 995 vivit,

914 1006 1029 1038 Portas
1057 1006 1148 1038 cuius
1174 1006 1333 1038 introivit.

879 1131 885 1138 .
915 1103 1021 1144 Supra
1049 1108 1173 1145 petram
1203 1104 1378 1136 reclinatus

914 1153 1099 1192 Florianus,
1129 1154 1178 1185 vir
1207 1154 1330 1193 beatus,

913 1201 980 1234 Sub
1007 1203 1130 1235 alarum
1160 1203 1342 1234 velamento

914 1250 1070 1283 Gaudens
1088 1262 1151 1283 non
1167 1258 1215 1283 est
1233 1255 1337 1283 motus
1353 1254 1460 1283 vento.

878 1378 885 1384 .
915 1349 952 1382 In
981 1349 1113 1381 caelesti
1135 1349 1340 1381 firmamento

963 1397 1015 1430 Sis
1044 1398 1245 1439 benedictus,
1277 1398 1426 1439 Domine,

914 1447 1072 1480 Tribuisti
1096 1447 1150 1487 qui
1177 1448 1320 1479 iumento

962 1496 1078 1528 Potum
1107 1506 1190 1528 novo
1217 1496 1359 1529 flumine.

876 1622 883 1629 .
913 1595 1116 1628 Salvatorem
1141 1595 1282 1626 omnium

960 1643 1148 1676 Laudemus
1176 1644 1216 1675 de
1244 1643 1355 1684 caelis,

910 1693 1010 1727 Cuius
1037 1703 1097 1734 per
1124 1692 1312 1733 suffragium

960 1742 1010 1774 De
1038 1742 1131 1775 hoste
1157 1742 1263 1775 tidelis

910 1792 1070 1832 Agonista
1098 1791 1323 1832 triumphavit,

910 1841 1005 1875 Idola
1033 1842 1107 1873 dum
1136 1840 1303 1873 refutavit.

943 1990 992 2022 In
1030 1991 1061 2022 2.
1102 1989 1325 2031 Vesperis.

1010 2068 1056 2095 Ad
1076 2067 1261 2103 Magnificat.

874 2177 881 2184 .
910 2149 1008 2182 Miles
1035 2149 1108 2190 Dei,
1138 2148 1306 2189 Floriane,

908 2198 1007 2232 Lucis
1035 2198 1094 2231 flos
1122 2198 1336 2236 meridianae,

909 2249 1014 2280 Aestu
1040 2248 1135 2288 pulso
1163 2257 1220 2279 nos
1249 2246 1372 2279 carnali

909 2297 1015 2330 Fonte
1041 2302 1119 2338 pota
1146 2295 1301 2336 spiritali.

178 2374 265 2402 Brev.
292 2383 344 2402 ms.
369 2376 399 2403 S.
422 2374 557 2402 Floriani
584 2383 663 2402 saec.
694 2373 740 2403 14.
763 2374 835 2403 cod.
858 2375 992 2403 Florian.
1015 2375 1057 2403 xl
1079 2372 1145 2403 916.
1168 2389 1205 2393 -
1228 2375 1269 2401 ln
1299 2371 1322 2400 1.
1352 2373 1461 2409 Vesp⁴

100 2411 127 2442 A
147 2410 176 2447 3,
198 2411 218 2441 2
238 2413 353 2442 Sedens
373 2411 426 2443 hic
448 2414 584 2443 militiae.
607 2429 644 2433 —
665 2415 707 2442 In
727 2412 756 2442 2.
777 2414 880 2442 Noct.
902 2413 933 2444 R
958 2413 982 2447 1,
1005 2411 1023 2442 8
1037 2415 1112 2442 Dari
1136 2423 1189 2450 pro
1204 2414 1336 2442 Christo.
1360 2427 1397 2430 —
1420 2413 1462 2440 ln

99 2449 128 2480 3.
149 2453 258 2482 Noct.
275 2451 305 2482 R
328 2453 353 2487 1,
374 2452 393 2482 8
415 2454 532 2482 Nomen
555 2455 690 2482 Domini.
712 2471 749 2474 —
772 2451 802 2482 R
823 2451 849 2489 2,
871 2452 890 2482 8
912 2455 968 2482 lies
989 2455 1148 2490 sepulcro?
1172 2469 1206 2472 —
1224 2454 1281 2481 Die
1303 2452 1463 2479 felilendeii

102 2493 200 2522 Teile:
221 2494 258 2522 In
281 2491 306 2520 1.
321 2493 412 2531 Vesp.
435 2493 474 2521 ad
489 2494 592 2531 Magn.
606 2493 642 2523 A.
658 2494 693 2522 Iu
718 2492 744 2522 1.
758 2493 846 2521 Noct.
860 2494 888 2522 R
911 2493 936 2526 l,
958 2495 989 2520 in
1010 2491 1028 2520 2
1050 2498 1080 2521 et
1094 2492 1113 2521 3
1128 2493 1214 2521 Noct.
1230 2493 1255 2520 R
1272 2490 1299 2522 3,
1316 2492 1350 2518 In
1366 2490 1461 2518 Laud.

97 2532 144 2561 Ad
164 2532 276 2563 Bened.
297 2532 324 2562 A
346 2534 414 2562 sind
435 2533 503 2561 dem
524 2533 673 2562 Festoffic.
715 2532 805 2561 Anal.
826 2533 937 2567 XXVI,
959 2531 997 2560 37
1019 2533 1048 2560 ff.
1070 2532 1218 2562 entlehnt.
