1650 2727
717 165 984 200 —134'—

212 265 244 296 5.
275 262 395 294 Divino
420 262 534 295 laudes
560 263 682 297 nomini
974 258 1523 295 Nosconsortesreddatfruentium

325 311 462 349 Dantur,
471 312 816 345 cumtrinamlauream
977 311 1121 344 Caritate
1151 310 1304 352 perennis
1330 308 1464 351 gloriae.

275 361 413 400 Accepit
439 369 557 402 sponsa
584 360 714 394 Domini

321 409 440 442 Aulam
450 410 610 442 scandens
619 409 815 442 aetheream.

367 499 412 527 Ad
434 500 622 528 Benedictus.
1041 497 1119 530 Per
1144 497 1361 540 Octgvam.

202 566 242 598 A.
271 565 362 597 Haec
387 573 507 605 sponsa
534 564 726 604 clarissima,

276 618 364 652 Quae
391 613 484 653 signa
507 612 629 645 faciens
649 612 819 652 potissima

274 662 378 703 Saepe
388 661 516 692 morbos
527 662 653 693 sanavit
661 661 818 700 plurimos

274 711 317 742 Et
345 711 470 742 feroces
489 710 675 742 demulcens
693 710 818 741 animos
904 713 943 743 A.
971 710 1042 742 Lux
1070 710 1225 751 effulgens
1251 709 1422 750 matutina,

277 760 370 791 Pacis
395 759 486 790 dedit
505 758 637 790 foedera
655 758 818 797 gentibus,
1027 758 1174 790 Salubris
1201 767 1279 790 cura
1305 757 1429 799 populi,

275 805 816 847 Nossuissalvetdignisprecibus.
977 807 1039 838 Det
1068 816 1125 838 nos
1153 806 1216 840 frui
1244 806 1427 839 Katherina

1026 858 1171 888 Aeterna
1197 864 1278 897 pace
1303 854 1436 887 saeculi.

1069 603 1112 630 Ad
1135 601 1325 630 Benedictus.

316 953 426 986 1112.
465 951 683 992 vesperis,

374 1018 418 1044 Ad
440 1017 622 1053 Magnificat.
1075 998 1121 1026 Ad
1141 997 1326 1036 Magnifica

201 1099 241 1129 A.
272 1098 424 1129 Sororum
445 1106 568 1137 gemma
587 1097 817 1139 paenitentiae,
904 1099 945 1130 A.
974 1096 1068 1128 Felix
1096 1097 1188 1137 virgo
1215 1096 1409 1138 Katherina‚

276 1145 469 1187 Kathen'na,
499 1145 598 1177 decus
625 1145 790 1187 Etruriae,
1029 1145 1140 1177 Mente
1166 1146 1273 1177 nitens
1300 1150 1331 1177 et
1358 1154 1508 1186 corpore,

276 1196 363 1234 Quae
375 1193 458 1225 dono
469 1194 603 1234 Christi,
627 1194 875 1234 regisomnium‚
980 1193 1047 1225 Nos
1074 1199 1262 1234 praeservct
1289 1204 1307 1226 a
1334 1195 1428 1226 ruina

277 1243 437 1275 Diadema
464 1243 608 1283 suscepit
634 1243 741 1283 hodie,
1028 1242 1185 1275 Extremo
1214 1243 1299 1275 vitae
1325 1247 1483 1284 tempore.

261 1358 426 1394 Antiphon.
456 1366 510 1384 ms.
538 1358 568 1384 S.
590 1357 776 1385 Katharinae
796 1359 981 1386 Divoduren.
1011 1368 1087 1386 saec.
1118 1358 1161 1386 14.
1184 1358 1256 1387 Cod.
1277 1359 1415 1386 Vatiean.
1443 1369 1466 1386 s.
1495 1368 1527 1386 n.

181 1396 410 1463 {l‘zlditlsssgndbeircg‘
434 1410 464 1414 -
491 1396 533 1423 In
559 1397 664 1423 Noct.
688 1394 715 1424 R
738 1395 771 1429 2,
803 1395 821 1424 2
848 1398 947 1434 elegit.
970 1412 1007 1416 -—
1030 1398 1081 1425 Ad
1104 1399 1214 1425 Laud.
1236 1397 1281 1424 Ad
1304 1398 1413 1425 Bened.
1436 1398 1478 1432 A,
1506 1396 1528 1424 5

557 1617 606 1648 54,
649 1616 691 1647 De
714 1626 738 1648 s.
760 1617 944 1649 Katharina
966 1616 1003 1649 de
1024 1618 1146 1650 Suecia.

329 1748 372 1779 In
404 1747 434 1779 1.
462 1748 681 1788 vesperis,
1020 1749 1083 1781 Ad
1118 1750 1391 1784 Matutinum.

377 1843 422 1869 Ad
443 1843 626 1879 Magnificam
1095 1827 1317 1855 Invitatorium.

983 1905 1064 1945 Regi
1091 1905 1221 1938 Christo
1247 1906 1423 1940 iubilantes

208 1960 249 1995 A.
277 1961 303 1994 O
329 1961 424 1993 beata
450 1971 570 2002 sponsa
595 1962 730 2002 Christi,
1032 1954 1180 1987 Laudum
1207 1964 1268 1996 per
1293 1956 1435 1997 iusignia

282 2010 474 2051 Katharina,
503 2011 648 2042 meruisti
985 2002 1195 2036 Exsultemus
1224 2010 1416 2038 venerantes

281 2057 382 2099 Apud
409 2067 516 2098 regem
543 2060 730 2100 angelorum
1034 2053 1237 2086 Katharinae
1264 2055 1446 2090 sollemnia.

285 2106 480 2140 Suscitatrix
503 2111 702 2139 mortuorum

331 2155 421 2187 Fien·
447 2164 541 2195 quam
569 2156 730 2197 plurium;

281 2204 377 2236 Felix
404 2204 451 2235 tui
479 2204 645 2244 depressio
1026 2197 1072 2229 In
1101 2200 1131 2231 1.
1159 2199 1396 2235 Nocturno.

282 2251 440 2294 Superbis
465 2252 502 2284 fit
527 2253 690 2293 repressio

332 2302 377 2335 Et
402 2301 502 2333 robur
528 2302 706 2334 humilium.
1110 2275 1309 2313 Antiphonae.

284 2351 334 2384 Tu
359 2359 420 2392 pro
446 2350 549 2393 nobis,
579 2351 668 2392 virgo
695 2351 760 2391 pia,
928 2354 959 2387 1.
988 2353 1075 2386 Nata
1101 2355 1192 2394 virgo
1216 2355 1402 2391 Katharina

333 2401 425 2440 Roga
450 2408 558 2440 regem
583 2399 736 2441 omnium,
1035 2402 1168 2444 Regalis
1194 2406 1369 2446 prosapiae

285 2449 329 2483 Ut
357 2448 455 2482 donet
480 2457 557 2480 vera
580 2448 698 2490 gaudia
1034 2451 1124 2484 Rara
1149 2454 1370 2488 continentiae

335 2499 496 2532 Praesens
521 2502 596 2538 post
621 2497 781 2532 exsilium.
985 2500 1065 2533 Mox
1092 2501 1221 2534 refulsit
1248 2505 1364 2544 gratia,
