1650 2727
80 275 85 279 ·
144 262 178 294 2.
205 259 323 302 Reges,
349 259 531 301 intellegite

257 309 434 342 Providum
461 312 632 351 rectorem,

207 357 303 390 Hunc
327 357 423 398 sequi
450 359 602 400 satagite,

255 405 439 440 Strenuum
458 407 626 441 victorem.

145 486 178 518 3.
206 483 358 518 Christus
386 482 448 516 fuit
473 484 580 526 gloria

256 533 362 566 Huius
389 533 621 574 praesidentis,

206 581 281 615 Non
308 582 417 614 timuit
442 583 533 614 milia

255 631 371 671 Populi
398 630 547 666 furentis

325 719 540 755 Responsoria.

148 791 179 822 1.
209 787 394 821 Laudemus
421 787 690 829 permagnificum

255 838 293 870 In
321 841 408 869 statu
436 836 620 878 praesulari

207 886 449 926 Doctoremque
476 885 675 919 catholicum

256 934 384 968 Adfatu
412 936 548 968 salutari

207 985 421 1024 Eucharium,
450 984 622 1017 mirificum

257 1035 294 1066 In
323 1038 399 1066 actu
427 1033 580 1074 regulari.

144 1084 179 1117 V.
209 1082 331 1116 Ducem
360 1092 533 1123 sequamur
559 1081 728 1121 caelieum,

207 1133 377 1164 colentem
406 1131 510 1165 Deum
538 1131 669 1163 unicum

223 1220 232 1226 .
261 1179 392 1213 Affectu
418 1180 587 1222 singulari.

148 1261 182 1292 2.
210 1258 308 1292 Fidei
334 1262 432 1300 rupto
458 1258 593 1291 foedere

259 1310 330 1342 Rex
357 1317 494 1348 nequam
524 1309 680 1347 Iulianus,

207 1357 344 1390 Ordinis
369 1360 484 1398 spreto
510 1365 646 1390 munere

258 1408 423 1448 Apostata
449 1405 620 1446 profanus,

210 1455 248 1487 In
274 1455 440 1489 Christum
468 1455 577 1496 coepit
605 1453 716 1487 furere

259 1505 319 1537 Vir
342 1504 449 1536 Belial
476 1509 506 1536 et
535 1513 647 1536 vanus

138 1555 179 1587 V.
208 1553 276 1587 Sub
303 1553 372 1585 eius
399 1553 517 1594 grandi
544 1554 669 1585 scelere

209 1603 329 1636 Passus
356 1608 407 1635 est
433 1603 524 1644 gravi
551 1603 687 1635 vulnere

258 1652 403 1692 Populus
429 1652 639 1685 christianus,

145 1734 176 1765 3,
204 1730 291 1764 Dum
319 1730 460 1763 Galliam
488 1730 686 1773 ingreditur,

255 1779 378 1814 Urbem
416 1779 583 1812 Grandem
611 1779 757 1823 intravit,

209 1829 424 1862 Christicolas
450 1829 634 1869 insequitur

255 1879 437 1920 Pluresque
465 1878 658 1920 carceravit,

207 1928 407 1962 Eucharium
435 1927 630 1971 aggreditur

254 1978 300 2010 Et
325 1977 431 2018 ipsum
460 1977 648 2010 decollavit.

138 2028 178 2060 V.
206 2027 260 2060 Ab
286 2027 387 2068 impio
413 2026 588 2067 perimitur

208 2077 327 2111 Pastor
352 2077 426 2118 pius
453 2086 514 2109 nec
540 2076 693 2120 vincitur,

255 2127 356 2166 Quem
391 2126 539 2159 Christus
576 2125 756 2160 coronavit.

247 2235 294 2268 In
323 2236 356 2268 2.
384 2234 619 2268 Nocturno.

322 2301 525 2340 Antiphonae.

145 2373 177 2407 1.
205 2372 303 2406 Hune
329 2376 478 2406 sanctum
506 2372 660 2406 mirificat

255 2422 345 2456 Deus
371 2422 533 2462 veritatis,

208 2471 273 2506 Per
299 2480 395 2514 quem
422 2474 472 2506 tot
498 2470 701 2513 multiplicat

256 2521 357 2564 Signa
383 2521 572 2563 probitatis.

857 264 891 296 2.
918 262 1018 294 Mane
1047 261 1106 294 liei
1134 261 1276 295 famulus

967 310 1072 344 Orans
1100 311 1283 355 exauditur,

919 359 1038 392 Preces
1064 359 1133 391 eius
1160 361 1302 400 populus

968 408 1089 440 Laetus
1121 409 1299 448 experitur.

861 486 892 518 3.
923 485 1010 517 Laus
1037 483 1185 525 perfecta
1213 487 1321 519 sonuit

965 533 1017 566 Ex
1045 535 1186 575 pastoris
1214 545 1281 579 ore,

919 583 1018 616 Culus
1045 584 1113 615 vita
1140 584 1310 624 splenduit

970 632 1108 664 Virtutis
1136 633 1267 665 honore.

1039 721 1252 755 Responsoria.

860 790 891 822 1.
919 789 955 821 In
983 789 1140 830 Pompeio
1167 790 1280 822 littore

967 839 1072 872 Caeso
1099 839 1262 878 praesulis
1288 840 1396 879 capite

1018 888 1061 920 Et
1087 888 1119 919 in
1148 888 1219 920 loco
1246 888 1429 920 tumbarum

918 937 986 968 lam
1015 937 1157 968 divisum
1185 947 1204 968 a
1232 946 1371 977 corpore

967 985 1019 1018 Ab
1051 986 1123 1026 ipso
1152 985 1257 1018 fertur
1284 987 1395 1026 equite

1009 1035 1132 1067 Palmis
1143 1039 1239 1076 caput
1249 1036 1467 1076 praeclarum.

858 1084 896 1118 V,
926 1084 1045 1116 Passus
1073 1084 1201 1115 modico
1229 1089 1376 1124 tempore

967 1133 1163 1165 Conscendit
1191 1139 1279 1166 recto
1306 1133 1437 1165 tramite

1018 1181 1162 1214 Montem
1192 1182 1394 1215 deliciarum.

855 1261 890 1294 2.
918 1259 1056 1291 Athleta
1084 1260 1172 1292 victo
1198 1261 1330 1292 turbine

967 1310 1031 1341 Per
1057 1313 1188 1341 sanctae
1209 1311 1306 1341 vullis
1326 1310 1468 1342 medium

1016 1358 1082 1390 lter
1109 1368 1202 1390 suum
1230 1359 1370 1397 direxit;

919 1407 1081 1447 Legentes
1108 1407 1179 1439 olus
1207 1405 1348 1440 feminae

967 1455 1132 1488 Mirantur
1163 1466 1203 1489 ex
1231 1457 1293 1489 hoc
1320 1457 1468 1495 nimium,

1014 1505 1107 1545 Quod
1135 1510 1231 1547 caput
1252 1516 1345 1539 suum
1368 1508 1467 1540 vexit.

849 1554 888 1587 V.
918 1554 995 1586 Plus
1021 1558 1131 1595 stupet
1159 1554 1279 1587 rubens
1298 1556 1466 1598 sanguine,

968 1604 1052 1636 Dum
1090 1613 1144 1636 eas
1178 1613 1237 1645 per
1263 1605 1468 1637 sollemnium

1016 1653 1155 1694 Opcrari
1186 1655 1367 1695 prospexit,

857 1733 889 1765 3.
919 1732 1056 1764 Praesul
1085 1731 1196 1764 divino
1223 1742 1357 1765 munere

969 1782 1200 1813 Consummato
1228 1783 1386 1821 martyrio

1019 1831 1083 1862 Per
1104 1831 1212 1863 omnia
1241 1831 1385 1863 directus

919 1879 1022 1911 Recto
1050 1889 1189 1920 pergens
1216 1880 1334 1912 itinere

968 1928 1149 1961 Liberduni
1178 1929 1317 1961 confinio

1017 1978 1123 2019 Digne
1152 1978 1213 2011 fuit
1242 1980 1410 2012 collectus.

847 2028 886 2061 V.
915 2027 1021 2068 Super
1048 2028 1192 2068 lapidem
1222 2027 1336 2061 funere

969 2077 1090 2110 Locnto
1118 2079 1199 2110 caeli
1227 2078 1347 2118 gaudio

1016 2126 1204 2159 Frucbatur
1234 2128 1369 2161 electus.

962 2236 1008 2268 In
1038 2237 1069 2268 3.
1100 2234 1335 2268 Nocturno.

1044 2303 1247 2338 Antiphonao.

860 2373 890 2406 1.
919 2372 1028 2405 Vitam
1055 2373 1125 2404 sine
1149 2373 1276 2406 macula

970 2422 1103 2455 Praesul
1129 2422 1182 2454 hic
1208 2422 1312 2454 finivit

918 2470 1050 2504 Summa
1077 2470 1286 2505 tabernacul.

966 2521 1088 2554 Laetus
1115 2520 1275 2554 introivit.
