1650 2727
703 136 944 174 ..69-

596 288 642 320 87.
660 334 667 340 ¹
685 288 728 320 De
750 288 850 321 Morte
872 291 904 321 et
925 287 1054 320 Iudicio.

162 381 194 413 1.
221 379 248 412 O
277 379 402 412 Christi
426 379 666 420 longanimitas,
871 382 902 414 3.
931 380 958 413 Ο
984 389 1067 420 quae
1094 380 1209 412 mortis
1236 381 1398 413 acerbitas

269 429 314 461 Et
338 429 436 470 longa
462 430 678 469 exspectatio,
979 428 1023 461 Et
1050 433 1171 470 quanta
1197 430 1389 470 trepidatio,

218 477 244 510 O
272 477 355 509 mira
382 476 505 511 Christi
531 477 649 519 pietas,
929 478 1008 511 Cum
1035 481 1101 509 tam
1126 478 1230 518 tangit
1256 479 1452 512 mortalitas

267 527 294 560 Ο
321 529 443 566 quanta
469 526 654 559 miseratio!
977 525 1020 560 Ut
1049 526 1106 558 fiat
1132 527 1312 566 separatio?

268 575 294 609 Ο
322 575 433 608 cordis
460 575 646 607 induratio!
978 575 1062 613 Quid
1090 575 1225 615 prodest
1253 575 1437 607 delectatio.

219 624 304 664 Quid
333 623 456 666 differs,
485 632 543 656 cur
568 633 632 656 non
658 625 792 665 cogitas,
931 624 1017 663 Quid
1043 625 1170 664 pestiva
1196 624 1407 656 iucunditas?

219 673 337 713 Homo,
365 682 448 714 quae
476 673 561 706 vitae
588 672 761 706 brevitas?
931 672 1098 713 Numquid
1125 682 1185 715 pro
1213 674 1280 705 vita
1306 672 1463 713 flagitas?

269 723 342 756 Cito
370 722 405 755 fit
434 723 682 755 consummatio.
979 723 1005 755 Ο
1032 731 1105 754 sera
1133 723 1335 754 recordatio!

146 820 201 854 R⁰
224 821 345 853 Cernat
373 821 434 852 hoc
460 820 642 861 meditatio,
857 818 912 853 R⁰
933 819 1051 852 Cernat
1079 821 1139 852 hoc
1166 821 1347 863 meditatie,

271 870 356 910 Quid
384 878 443 902 nos
467 869 573 911 primo
600 868 776 911 fuerimus;
982 869 1067 908 Quid
1102 879 1159 901 nos
1191 871 1297 910 primo
1325 869 1500 909 fuerimus3

223 919 313 951 Nihil
340 919 475 960 prodest
503 918 612 959 elatio,
932 918 1022 950 Nihil
1051 919 1185 959 prodest
1211 919 1319 955 elatio,

272 969 355 1001 Nam
388 972 477 1001 terra
504 967 635 1001 tandem
663 969 794 1002 en'mus.
983 967 1066 1000 Nam
1097 971 1187 1001 terra
1214 969 1344 1001 tandem
1372 969 1502 1001 erimuS.

162 1068 193 1100 2.
223 1066 249 1099 O
277 1066 457 1099 vanitatum
486 1067 624 1108 vanitas,
873 1067 905 1099 4.
933 1066 959 1097 O
986 1066 1136 1107 servitus,
1167 1065 1245 1105 quid
1272 1066 1395 1107 cogitas

271 1115 429 1148 Curarum
455 1116 649 1156 occupatio!
983 1117 1158 1154 Apparens
1184 1115 1217 1146 in
1245 1115 1366 1147 iudicio
1376 1118 1390 1145 ἐ

221 1164 247 1196 O
275 1174 333 1196 cur
359 1164 503 1197 ambitur
530 1165 684 1204 dignitas,
935 1163 961 1196 Ο
989 1173 1128 1204 arguens
1156 1163 1334 1196 crudelitas

273 1215 340 1248 Cur
367 1223 464 1255 opum
491 1213 693 1246 cumulatio?
981 1212 1096 1245 Hostis
1124 1218 1155 1245 et
1179 1214 1365 1246 accusatio!

274 1263 344 1303 Quo
370 1263 478 1295 tendit
505 1262 726 1304 congregatio,
984 1263 1009 1295 Ο
1040 1262 1145 1302 dolor,
1173 1271 1192 1293 o
1220 1261 1377 1301 confusio,

225 1314 294 1344 Aut
320 1313 398 1352 quid
427 1313 515 1344 valet
542 1312 707 1352 cupiditas
934 1311 960 1344 Ο
986 1311 1114 1354 horror,
1142 1321 1161 1344 o
1187 1311 1382 1347 obscuritas,

227 1361 271 1393 Et
298 1362 330 1394 in
358 1362 510 1401 sepulcro
537 1360 679 1394 foeditas
932 1359 959 1393 Ο
985 1369 1164 1401 poenarum
1189 1361 1368 1393 aeternitas

273 1411 318 1443 Et
344 1416 438 1443 extra
466 1410 655 1443 dealbatio?
983 1409 1027 1442 Et
1052 1410 1137 1451 ignis
1163 1411 1342 1443 aestuatio!

521 1511 552 1542 5.
581 1508 607 1541 Ο
633 1508 739 1549 homo,
767 1517 825 1540 cur
850 1517 914 1540 non
943 1507 1094 1549 cursitas,

626 1558 669 1591 Ut
697 1557 792 1589 detur
817 1556 880 1588 tibi
906 1556 1059 1589 mansio?

577 1608 678 1646 Quam
706 1605 787 1639 felix
815 1606 1046 1638 immortalitas

627 1656 670 1688 Et
697 1655 787 1688 nulla
814 1656 1003 1699 trepidatio,

628 1705 693 1738 Sed
719 1714 839 1746 perpes
867 1704 1044 1737 exsultatio

575 1754 832 1795 Sanctorumque
859 1755 1000 1786 societas

576 1804 618 1837 Et
644 1813 839 1846 permanens
866 1802 1009 1838 felicitas

624 1854 667 1886 Et
695 1854 781 1886 laeta
808 1854 869 1886 Dei
897 1853 999 1886 visio!

227 1953 353 1981 collect.
376 1961 430 1980 ms.
448 1953 636 1980 Victorinum
659 1960 738 1979 saec.
764 1949 808 1978 15.
825 1950 898 1978 Cod.
915 1950 1042 1978 Parisin.
1067 1947 1175 1977 14810.
1191 1950 1225 1977 Α.
1248 1966 1284 1970 —
1308 1950 1430 1977 Collect.
1454 1960 1508 1977 ms.

146 1992 338 2021 Victorinum
354 2001 433 2021 saec.
447 1989 508 2028 [14.
523 1989 566 2029 et]
584 1990 630 2019 15.
645 1991 718 2019 Cod.
734 1991 864 2019 Pal-isin.
882 1987 993 2017 14923.
1010 1990 1044 2017 B.
1059 2005 1097 2009 —
1112 1989 1236 2017 Collect.
1252 1999 1306 2017 ms.
1318 1991 1509 2017 Victorinum

144 2040 222 2061 saec.
247 2030 292 2060 15.
309 2031 381 2060 Cod.
396 2031 527 2060 Pal-isin.
552 2029 662 2059 15163.
679 2031 710 2059 C.
733 2045 772 2050 -
789 2030 873 2058 Nach
899 2029 926 2063 l,
947 2028 965 2056 5
987 2029 1063 2065 folgt
1083 2029 1160 2057 noch
1177 2029 1216 2057 Et
1232 2031 1336 2057 mortis
1353 2031 1509 2058 festinatio

143 2072 238 2108 ABG,
260 2071 344 2101 dieue
360 2071 442 2100 Zeile
464 2073 504 2099 ist
525 2072 597 2100 aher
613 2070 690 2099 nach
713 2070 860 2107 Analogia
882 2070 958 2097 aller
978 2069 1110 2097 anderen
1126 2069 1276 2105 Strophen
1292 2079 1328 2097 zu
1345 2070 1448 2105 tilgeu.
1473 2084 1510 2088 —

145 2109 174 2145 1,
204 2111 223 2140 6
252 2120 305 2140 cur
331 2120 393 2140 non
423 2113 522 2148 agitas
544 2111 630 2139 ABC.
657 2125 696 2130 -—
724 2107 786 2142 ΒΟ,
818 2110 830 2138 l
863 2109 935 2137 haec
954 2110 1014 2137 AC.
1045 2125 1080 2128 —
1108 2107 1140 2142 2,
1168 2111 1185 2137 ἡ(
1213 2109 1247 2136 ule
1270 2109 1394 2137 abbatio
1418 2110 1450 2136 ll.
1474 2124 1510 2129 —

141 2149 168 2186 5,
191 2150 210 2180 6
235 2151 315 2186 Quid
337 2152 465 2188 pecunia
480 2150 652 2179 iucunditas
667 2150 700 2178 B.
716 2165 754 2168 —
776 2150 839 2177 Das
855 2150 974 2185 Repert.
991 2148 1122 2185 hymnol.
1139 2148 1313 2177 chevaliers
1337 2149 1511 2177 bezeichnet

141 2190 207 2220 dies
236 2191 313 2220 Lied
344 2191 390 2220 als
424 2189 606 2226 „divisi0“
635 2190 688 2218 des
717 2189 826 2218 Liedes
849 2188 918 2216 Dic
953 2188 1060 2216 homo
1095 2198 1161 2216 cur
1197 2189 1382 2215 abuteris.
1426 2189 1512 2215 Zwar

141 2231 263 2269 hfingen
289 2231 339 2260 die
369 2231 478 2260 beiden
499 2230 610 2258 Lieder
637 2231 668 2257 in
691 2229 716 2256 A
744 2229 804 2257 und
829 2229 852 2257 C
883 2236 1070 2263 zusammen3
1099 2227 1164 2255 dass
1194 2229 1237 2255 sit·
1263 2228 1334 2255 aher
1356 2227 1438 2255 nicht
1460 2237 1510 2255 zu-

141 2270 434 2308 sammengehfiren,
467 2270 597 2299 sondern
628 2269 702 2296 zwei
731 2270 888 2306 getrennte
916 2268 1025 2296 Lieder
1056 2267 1140 2301 sind,
1163 2269 1287 2296 hew‹·ist
1317 2268 1427 2295 eiiinial
1456 2266 1511 2294 das

141 2310 314 2346 Versmass,
336 2310 390 2338 das
412 2310 445 2338 in
466 2318 605 2338 unserem
627 2308 722 2336 Liede
744 2308 811 2336 eine
833 2307 915 2335 Zeile
936 2309 1067 2343 weniger
1088 2308 1142 2335 hat
1163 2308 1207 2335 als
1231 2308 1388 2342 injenem.
1412 2308 1512 2334 t'erner

141 2349 195 2379 der
223 2350 328 2385 Reim,
360 2349 414 2378 der
441 2351 472 2377 in
503 2349 617 2378 diesem
648 2347 742 2376 Liede
773 2346 867 2375 durch
898 2347 958 2375 alie
990 2347 1141 2383 Strophen
1172 2347 1226 2375 auf
1256 2348 1332 2374 itas
1366 2346 1425 2373 und
1459 2346 1510 2379 io,

143 2392 176 2420 in
193 2390 297 2427 jenem
319 2389 456 2426 dag-egen
477 2389 533 2417 aus
550 2390 630 2418 eris
661 2387 722 2415 und
744 2388 782 2415 ia
807 2386 941 2424 gebildet
964 2387 1020 2420 ist,
1042 2386 1161 2415 endlich
1184 2386 1236 2414 der
1258 2387 1435 2419 Rundreiin,
1459 2385 1513 2413 der

142 2432 176 2459 in
196 2429 309 2459 beiden
329 2429 463 2457 Liedern
482 2428 695 2459 verschieden‚
725 2428 756 2454 in
777 2425 882 2454 diesen
905 2425 1073 2462 vierzeilig‚
1095 2428 1127 2454 in
1144 2426 1245 2461 jenem
1268 2426 1436 2462 zwvizeilig
1459 2425 1511 2453 ist.

141 2469 227 2499 Auch
255 2469 304 2497 fiir
326 2468 391 2497 dies
413 2468 489 2497 Lied
509 2469 551 2496 ist
569 2467 761 2503 Philippe
788 2465 830 2494 de
855 2465 978 2494 Greve
1005 2465 1051 2494 als
1075 2466 1230 2494 Verfasser
1253 2466 1441 2497 anzusehen,
1473 2465 1511 2492 da

139 2509 233 2540 beide
253 2508 366 2537 Lieder
386 2507 598 2537 zweit'elsohne
620 2515 675 2536 aus
697 2507 805 2534 einer
827 2504 921 2534 Feder
942 2505 1101 2542 geflossen.
