1650 2727
639 125 907 162 —168—

570 219 617 251 67.
659 217 702 252 De
723 222 834 252 sancto
860 221 967 253 Petro.

237 309 284 342 In
313 311 344 344 1.
372 309 608 345 Nocturno.

319 387 519 424 Antiphonae.

138 465 168 498 1.
194 466 376 499 Aethereos
403 471 524 509 patres,

247 515 340 547 divos
369 517 408 548 de
436 516 555 550 lumine
581 517 679 554 soles,

196 563 392 596 Bethsaidae
417 565 578 597 thalamus

244 622 397 652 germano
423 614 562 653 protulit
589 617 672 646 ortu.

134 691 164 722 2.
189 690 257 721 Hos
285 690 407 722 Iudaea
432 696 557 730 potens,

246 738 347 779 regali
374 740 517 779 germine
543 749 713 781 pompans,

194 786 324 819 Christo
351 787 409 819 sub
439 788 556 820 veteris

245 836 381 867 nutrivit
408 842 585 876 grammate
609 836 702 877 legis.

137 913 169 945 3.
197 913 248 944 Ex
274 913 422 953 patribus
448 913 582 954 geminis

245 962 302 993 sed
315 961 389 992 dum
398 961 486 994 Deus
496 961 605 993 infima
621 962 769 1004 sumpsit,

195 1009 248 1041 Sic
275 1009 315 1041 ab
342 1015 478 1049 utroque
506 1011 628 1042 micans

244 1058 308 1089 dux
331 1062 360 1088 et
381 1066 447 1094 rex,
476 1060 596 1096 unctio,
620 1058 736 1091 flamen

195 1107 256 1138 Sar
271 1106 340 1137 ·ix·it
366 1116 529 1148 proceres,

242 1164 302 1194 per
315 1164 394 1194 quos
410 1153 479 1187 fera
493 1161 623 1196 sceptra
639 1155 797 1189 domaret.

310 1252 521 1287 Responsoria.

133 1322 161 1353 1.
190 1321 360 1353 Fluctibus
386 1320 560 1353 abstractis

240 1370 399 1400 ceduntur
425 1368 561 1401 flumina
587 1370 710 1411 mundi,

190 1417 336 1449 Turbida
364 1416 501 1450 lucifluis

241 1466 420 1497 clarescant
429 1475 490 1505 quo
503 1466 744 1508 vadalymphis‚

192 1514 315 1547 Unicus
341 1515 428 1546 unde
454 1520 543 1547 sator

240 1563 390 1595 Iordanis
417 1564 529 1604 ginnat
555 1564 701 1604 abyssos,

125 1612 165 1644 V.
192 1612 399 1649 Benedicite,
452 1622 560 1652 aquae
609 1623 731 1655 omnes,

191 1669 276 1700 quae
333 1669 433 1700 super
490 1661 595 1694 caelos
645 1665 732 1704 sum,

188 1709 347 1741 Domino.

132 1789 165 1820 2.
193 1787 336 1827 Suscipit
362 1796 402 1819 ex
426 1789 541 1819 merito

242 1836 373 1868 deitatis
401 1836 523 1876 primus
550 1841 675 1869 amator

193 1885 329 1916 Discere
355 1885 537 1917 amantinos

239 1934 436 1967 Acherontis
451 1933 602 1974 frangere
615 1933 735 1967 traclos

192 1982 234 2014 Et
264 1984 382 2014 virtute
408 1986 524 2023 potens

240 2040 410 2072 regnorum
440 2030 528 2063 ferre
547 2031 733 2065 tridentem.

126 2081 161 2114 V.
190 2081 336 2115 Beatus.
387 2089 480 2120 quem
535 2080 657 2122 eleqisti
707 2081 736 2112 et

188 2128 410 2171 assumpsisti,
437 2128 594 2164 Domine.

128 2211 158 2242 3.
187 2207 326 2239 Errores
353 2208 478 2247 primae

237 2260 361 2288 resecat
380 2265 463 2288 nova
483 2257 588 2297 gratia
607 2256 733 2298 culpae,

190 2306 307 2338 Petrus
334 2305 367 2337 in
395 2305 545 2338 hostilem

241 2354 316 2387 dum
343 2354 429 2386 vires
456 2354 575 2386 exserit
602 2363 732 2396 aurem;

190 2403 246 2436 Nil
271 2404 378 2436 minus
403 2403 437 2436 id
463 2403 581 2445 pandit

238 2453 364 2485 medico
383 2453 565 2486 medicante
584 2452 732 2487 cicatn‘x.

835 313 874 348 V.
900 313 968 347 Hic
993 317 1093 348 sanat
1119 315 1274 348 contritos
1302 314 1398 348 corde
1417 318 1446 347 et

899 362 1027 404 affliyat
1052 363 1264 396 contritiones
1289 372 1414 398 eorum.

938 529 983 560 In
1010 530 1041 560 2.
1071 528 1306 561 Nocturno.

1020 614 1220 650 Antiphonae.

841 714 869 746 1.
899 712 1070 747 Praescius
1097 714 1300 752 omnipotens

947 760 1126 794 Gallilaeae
1162 762 1261 794 litora
1297 762 1442 794 lustrans

899 810 1007 844 Sensit
1035 809 1067 841 in
1092 810 1259 850 aequoreis

946 857 1153 898 splendentia
1168 858 1289 890 lumina
1305 859 1439 899 campis.

840 956 871 988 2.
900 954 970 987 Nec
996 963 1096 994 mora,
1126 963 1182 986 rex
1210 964 1302 996 reges

944 1007 1033 1036 creat
1060 1007 1092 1034 et
1119 1005 1309 1044 cognomine
1336 1004 1419 1036 ditat

896 1052 940 1084 Et
968 1051 1045 1084 facit
1072 1052 1220 1087 heredes,

944 1100 1092 1141 triplices
1121 1101 1265 1141 disponit
1290 1101 1443 1134 honores.

837 1199 870 1231 3.
898 1198 995 1230 Cuius
1021 1197 1064 1228 ad
1091 1197 1261 1237 imperium

943 1246 1090 1278 victricia
1117 1255 1208 1277 arma
1235 1251 1411 1288 capescunt

894 1295 1012 1327 Inclita
1039 1294 1219 1334 praeclaris

942 1348 1134 1383 peragentes
1171 1343 1256 1374 bella
1295 1344 1440 1384 tropaeis

893 1392 935 1424 Et
963 1392 1093 1432 placitis
1122 1391 1254 1423 firmans

940 1445 1092 1480 pacatum
1118 1440 1245 1480 legibus
1271 1440 1396 1473 orbem.

1009 1556 1222 1591 Responsoria-

834 1625 866 1657 1.
894 1623 1022 1657 Cedens
1049 1625 1219 1664 proposito

944 1672 1057 1704 Petrus
1085 1673 1160 1705 fidei
1187 1673 1272 1714 pede
1296 1673 1400 1714 lapso,

893 1721 998 1754 Unius
1024 1721 1201 1762 allophilae

941 1769 1151 1802 tremefactus
1186 1779 1265 1802 voce
1295 1770 1438 1811 puellae,

894 1819 979 1859 Quos
1007 1818 1102 1859 ferat,
1131 1819 1275 1852 addiscit

942 1868 1044 1906 gratis
1071 1868 1132 1900 sibi
1160 1868 1310 1901 redditus
1335 1868 1397 1904 illi„

821 1912 862 1948 V.
893 1915 997 1948 Cuius
1024 1916 1103 1948 dum
1130 1917 1248 1950 mentis
1265 1918 1347 1950 moti
1363 1921 1443 1951 sunt

886 1964 987 2005 pedes
1015 1968 1041 1997 et
1069 1966 1164 2005 effusi
1188 1975 1331 2008 yressuS.

832 2063 864 2094 2.
892 2063 985 2094 Inter
1011 2062 1142 2095 divinae

941 2111 1103 2152 quondam
1131 2111 1279 2144 convivia
1308 2121 1444 2146 mensae

892 2160 973 2192 Tres
1001 2160 1092 2192 dedit
1119 2162 1260 2193 audaces

941 2208 1103 2241 confessio
1130 2209 1217 2242 trina
1244 2210 1392 2252 timores,

892 2257 1020 2298 Terque
1051 2258 1194 2298 regenda
1220 2259 1320 2292 Petro

939 2307 1114 2339 traduntur
1135 2307 1235 2339 ovilia
1260 2313 1386 2343 saneto.

820 2352 861 2389 V.
890 2354 1010 2388 Gloria
1043 2359 1072 2388 et
1106 2356 1230 2389 honore
1263 2360 1447 2392 coronatur

894 2407 922 2437 et
960 2404 1173 2438 constituitur
1209 2415 1310 2447 super
1343 2417 1446 2450 opera

892 2453 1045 2487 Domini.
