1650 2727
719 144 790 174 -·
818 148 886 184 135
939 167 984 172 --

600 252 660 285 166.
703 253 747 285 De
768 252 946 286 Nativitate
970 253 1104 286 Domini.

220 339 253 374 1.
280 341 422 382 Tempus
448 341 544 376 adest
568 344 695 384 gratiae
927 346 959 378 3.
986 345 1170 378 Ezechielis
1197 351 1293 387 porta

327 390 412 431 Hoc,
438 391 524 433 quod
552 392 756 436 optabamus,
1037 395 1157 428 Clausa
1183 397 1412 437 pertransitur.

276 438 431 473 Carmina
457 440 602 474 laetitiae
987 443 1083 475 Unde
1109 443 1164 475 lux
1192 448 1239 476 est
1267 448 1350 485 orta,

326 487 454 521 Devote
480 489 668 525 reddamus,
1036 492 1130 524 Salus
1157 493 1330 526 invenitur.

211 585 244 617 2.
273 584 363 617 Deus
391 585 486 618 homo
514 584 620 619 factus
648 591 707 628 est,
922 591 955 622 4.
983 589 1072 629 Ergo
1099 592 1211 621 nostra
1238 590 1346 621 contio

322 633 452 667 Natura
478 635 630 676 mirante,
1033 637 1160 669 Psallat
1185 638 1248 670 iam
1272 638 1305 670 in
1332 644 1439 680 ostro3

276 683 422 716 Mundus
449 688 625 718 renovatus
652 688 702 716 est
984 685 1163 718 Benedicat
1191 687 1341 727 Domino⁷

321 732 430 765 Maria
455 737 667 774 praegnante.
1033 736 1127 767 Salus
1154 737 1222 776 regi
1250 740 1371 771 nostr0.

599 829 654 865 R⁰
683 831 843 874 Gaudete,
872 832 1022 874 gaudete,

730 881 880 915 Christus
907 885 957 914 est
983 887 1076 914 natus

680 930 731 962 Ex
756 930 865 963 Maria
891 931 1028 972 virgine,

730 979 891 1014 Gaudete.

251 1075 325 1103 Piae
347 1075 510 1104 cantiones
536 1074 611 1104 1582
635 1077 686 1104 fol.
708 1077 732 1104 F
752 1075 770 1104 2
792 1085 818 1104 a.
841 1078 1026 1113 (Klemming
1048 1078 1086 1109 ΙΙ,
1109 1074 1146 1105 28
1168 1078 1212 1105 als
1238 1077 1283 1111 vH
1294 1076 1472 1113 ymnus‘·.)
1495 1093 1528 1096 —

170 1111 206 1149 2,
233 1113 252 1142 4
274 1116 298 1142 Α
325 1113 445 1143 Christo
468 1121 622 1152 regnante.
644 1131 681 1136 —
703 1114 737 1149 4,
767 1115 784 1143 2
816 1118 873 1143 iam
898 1118 928 1144 in
951 1116 1054 1144 lustro.
1077 1132 1114 1136 ——-
1138 1117 1184 1144 R‘·
1207 1116 1285 1145 stelit
1307 1117 1351 1143 als
1374 1118 1431 1145 Str.
1456 1117 1468 1144 l
1493 1126 1531 1144 2111

168 1153 222 1180 der
244 1154 356 1190 Spitze.

598 1250 658 1282 167.
702 1251 745 1283 De
766 1250 947 1283 Nativitate
970 1251 1102 1283 Domini.

210 1341 242 1376 1.
270 1342 451 1374 Personent
478 1341 576 1374 hodie
921 1345 952 1378 3.
982 1344 1070 1384 Magi
1098 1348 1166 1375 tres
1193 1349 1361 1381 venerunt,

271 1391 376 1423 Voces
402 1390 570 1434 puerfflae,
982 1392 1159 1425 Parvulum
1185 1393 1366 1434 inquirunt,

269 1439 460 1472 Laudantes
486 1439 627 1474 iucunde
983 1467 1418 1476 ........

318 1488 379 1528 Qui
406 1489 499 1521 nobis
524 1494 574 1522 est
600 1494 706 1531 natus,
1031 1491 1202 1524 Stellulam
1230 1493 1407 1531 sequendo,

319 1537 450 1571 Summo
477 1538 548 1571 Deo
576 1540 671 1572 datus
1032 1541 1144 1581 Ipsum
1171 1541 1352 1573 adorando.

268 1587 314 1620 Et
341 1587 381 1619 de
408 1588 554 1630 virgineo
984 1590 1121 1630 Aurum,
1149 1594 1201 1621 tus
1229 1594 1259 1622 et
1285 1599 1427 1623 murram

321 1640 434 1669 ventre
458 1642 663 1680 procreatus.
1029 1640 1058 1671 ei
1085 1638 1262 1673 offerendo.

209 1737 244 1769 2.
272 1735 311 1768 In
337 1736 458 1768 mundo
485 1736 641 1777 nascitur,
922 1740 954 1771 4.
983 1738 1102 1770 Omnes
1129 1737 1286 1777 clericuli,

271 1785 394 1818 Pannis
419 1785 608 1827 involvitur,
982 1787 1112 1819 Pariter
1137 1788 1231 1827 pueri

269 1835 446 1875 Praesaepi
474 1835 608 1876 ponitur
981 1836 1121 1869 Cantent
1147 1840 1183 1868 ut
1209 1837 1334 1876 angeli:

319 1883 456 1917 Stabulo
485 1883 653 1917 brutorum
1029 1885 1205 1918 Advenisti
1233 1887 1364 1924 mundo,

317 1933 440 1966 Rector
466 1943 693 1974 supernorum,
1029 1935 1159 1968 Laudes
1188 1935 1247 1967 tibi
1276 1934 1388 1972 fundo,

269 1983 421 2016 Perdidit
446 1983 554 2024 spolia
982 1984 1060 2017 Ideo
1087 1985 1191 2027 gloria

316 2033 472 2075 princeps
498 2031 713 2066 infernorum.
1029 2034 1062 2066 in
1089 2035 1227 2067 excelsis
1255 2033 1334 2068 Deo.

244 2130 320 2159 Piae
342 2130 507 2160 Cantiones
534 2129 609 2159 1582
631 2130 681 2159 fol.
704 2131 728 2159 B
749 2130 769 2159 4
792 2139 818 2158 a.
840 2130 1025 2168 (Klemmiug
1047 2132 1086 2165 ΙΙ,
1108 2129 1146 2159 40
1167 2142 1210 2168 sq.
1233 2131 1278 2160 als
1299 2132 1531 2168 ..Hymnus-q

596 2266 658 2299 168.
701 2267 745 2299 De
767 2266 945 2300 Nativitate
968 2266 1102 2299 Domini.

206 2360 237 2394 1.
267 2359 317 2392 De
343 2359 457 2392 radice
482 2364 691 2401 processerat
919 2363 952 2395 2.
981 2360 1087 2393 Huius
1115 2361 1227 2402 virgae
1252 2361 1443 2401 mysterium

313 2409 404 2442 lesse
429 2409 524 2452 virga
548 2409 699 2449 mirifica,
1029 2410 1063 2444 Si
1091 2419 1169 2443 sane
1196 2411 1245 2442 vis
1272 2410 1454 2451 percipere,

261 2459 356 2499 Quae
381 2458 500 2492 mirum
526 2456 642 2491 florem
660 2460 819 2501 gesserat,
979 2459 1126 2501 Virginis
1154 2459 1365 2501 puerperium

316 2506 478 2541 Fecunda
503 2507 535 2540 vi
563 2507 690 2543 deifica.
1028 2509 1080 2542 Tu
1108 2508 1207 2541 debes
1234 2508 1436 2550 intellegere.
