1650 2727
705 152 748 156 —
803 131 872 168 103
922 152 970 157 —

580 225 645 257 1⁶20.
686 225 722 257 ln
744 226 937 259 Ascensione
959 226 1094 259 Domini.

298 306 332 339 1.
360 305 498 339 Constat
523 307 668 339 aetheris
694 307 802 340 lesum
829 307 987 340 sedilibus
1014 308 1078 340 iam
1106 309 1263 347 residere,

358 355 447 388 Viris
474 354 646 388 Gallilaeis
673 355 780 396 ipsum
807 357 1027 396 cernentibus,
1055 365 1127 389 cum
1155 358 1320 390 assistere.

297 435 330 467 2.
358 433 473 467 Testes
499 433 652 475 angelici,
678 442 809 474 semper
834 434 984 473 veridici,
1012 435 1058 466 sic
1086 434 1294 474 profitentes:

356 483 478 515 Iterum
505 483 625 524 veniet,
653 482 708 524 qui
735 483 887 515 mundum
916 483 1082 522 possidet&
1111 487 1179 514 este
1205 485 1400 524 gaudentes!

295 563 327 597 3.
355 559 464 603 Pueri,
494 562 611 598 canite,
641 562 747 594 denuo
774 561 874 593 vivite
901 561 1024 602 absque
1053 560 1223 599 fermento,

355 610 499 643 Stabiles
527 609 638 649 faciat,
667 610 722 652 qui
749 619 823 642 suos
850 612 949 642 satiat
976 611 1062 643 vitae
1089 615 1302 643 sacramento.

272 686 328 721 ΒΟ
356 689 420 720 Per
445 688 617 720 semitonia
644 687 725 720 haec
753 686 917 720 festivalia
944 698 1007 720 nou
1035 698 1091 720 ore
1117 689 1241 720 nodoso

353 737 491 776 ChoruS,
519 737 674 775 Alleluia,
703 741 798 769 canat
825 746 885 778 per
911 737 1019 769 omnia
1046 738 1144 769 corde
1168 738 1288 770 iocoso.

233 825 319 853 Cant.
352 834 405 853 ms.
438 824 590 862 Pragense
617 824 801 856 (Wenceslai
833 824 868 852 de
899 824 1081 859 VVyskytna)
1112 825 1182 851 anni
1219 823 1300 852 1:312
1333 825 1404 853 (jod.
1435 825 1512 852 Mus.

155 865 280 893 Bohem.
303 864 379 893 XIII
401 864 425 892 A
448 862 474 893 2.
498 879 535 884 —
559 862 606 892 R⁰
628 865 708 892 steht
730 864 828 892 liinter
852 863 875 895 1.
902 864 931 897 13
954 864 980 895 Ρ»,
1004 864 1022 891 2
1044 863 1103 891 und
1126 865 1149 891 R
1159 860 1181 893 ⁰,
1208 863 1219 891 1
1247 864 1415 891 Υρ111νῑ1κιΐῐ.

653 989 709 1021 121.
752 989 786 1020 lu
810 990 1008 1021 Pentecoste.

196 1078 227 1112 1.
255 1077 415 1118 Spiritum
442 1078 531 1110 misit
556 1077 655 1109 hodie
903 1080 934 1111 6.
965 1078 1128 1110 Gaudium
1157 1077 1251 1110 nobis
1278 1078 1399 1116 attulit⁷

253 1127 306 1159 Ab
333 1127 467 1159 aethere
494 1136 553 1160 rex
580 1127 715 1167 gloriae.
964 1127 1146 1159 Evidenter
1172 1127 1260 1167 quod
1287 1128 1403 1168 patuit.

193 1207 228 1240 2.
255 1204 340 1237 Huic
367 1205 467 1237 melos
494 1205 639 1237 laetitiae
905 1207 935 1239 7.
964 1205 1043 1237 Dies
1069 1205 1155 1238 laeta
1181 1206 1333 1245 intepuit.

255 1255 396 1287 Plaudat
422 1255 521 1286 decus
548 1254 746 1287 harmoniae.
963 1254 1017 1287 Sol
1046 1255 1166 1286 clarius
1195 1254 1411 1294 resplenduit.

194 1334 228 1368 3.
258 1332 303 1366 Ut
329 1331 446 1364 flamen
475 1333 578 1364 sancti
607 1333 742 1372 spiritus
905 1334 936 1365 8.
966 1333 1182 1366 Concinamus
1210 1333 1308 1364 corde
1336 1333 1421 1364 laeto

255 1381 442 1414 Succendat
469 1381 570 1414 corda
596 1382 745 1420 caelitus,
966 1381 1120 1413 Viventes
1147 1381 1270 1422 absque
1298 1380 1469 1414 fermento.

192 1462 226 1494 4.
254 1460 351 1493 Foris
377 1464 474 1501 atque
500 1461 638 1493 interius
905 1462 936 1493 9.
967 1461 1168 1501 Angelorum
1195 1459 1356 1492 altissimo

254 1509 428 1551 Expurget
454 1514 601 1542 nostrum
629 1508 767 1543 fucinus.
964 1509 1201 1542 Benedicamus
1229 1508 1381 1542 Domino.

196 1591 231 1624 5.
257 1588 372 1622 Gavisi
398 1592 474 1622 sunt
501 1590 657 1631 discipuli
880 1591 934 1622 10.
965 1589 1134 1621 Laudetur
1160 1594 1275 1620 sancta
1302 1589 1446 1628 trinitas,

255 1639 393 1672 Orantes
421 1639 520 1672 corde
547 1639 670 1671 humili.
963 1638 1033 1670 Deo
1062 1638 1208 1670 dicamus
1236 1639 1370 1678 gratias.

234 1726 322 1755 Cant.
354 1736 407 1754 ms.
440 1727 592 1764 Pragense
623 1726 807 1761 (Wenceslai
840 1726 876 1754 de
904 1726 1077 1762 WVyskytna
1109 1727 1179 1754 anni
1216 1724 1299 1753 1:312.
1333 1726 1404 1754 (jod.
1437 1728 1514 1754 Mus.

153 1767 277 1796 Bohem.
299 1767 375 1795 XIII
396 1767 422 1794 A
445 1765 472 1794 2.

545 1863 607 1895 122.
652 1863 696 1895 De
717 1861 923 1895 sanctissima
945 1862 1114 1894 Trinitate.

166 1947 198 1981 1.
226 1946 331 1980 Deum
359 1947 482 1980 trinum
509 1948 695 1989 adoremus,
879 1947 912 1979 2.
941 1945 1011 1978 Hae
1038 1954 1198 1986 personae
1225 1948 1301 1977 sunt
1329 1945 1490 1987 diversae,

226 1996 310 2030 Tres
337 1996 370 2029 in
397 2006 462 2029 una
485 1997 710 2030 collaudemus
940 1995 1013 2027 Non
1044 1995 1176 2027 diversa
1203 2003 1262 2027 nec
1289 2003 1426 2028 aversae

277 2047 438 2080 Personas
466 2047 630 2089 essentia3
990 2046 1026 2077 Iu
1054 2054 1163 2077 rerum
1191 2044 1360 2086 regimine,

224 2095 298 2129 Hae
324 2104 487 2136 personae
513 2095 679 2137 personali
940 2094 1018 2127 Cum
1047 2095 1092 2126 sit
1119 2094 1184 2126 illis
1211 2094 1297 2126 idem
1326 2102 1432 2135 nosse,

225 2145 497 2187 Distinguuntur‚
525 2155 588 2178 non
615 2145 713 2178 locali
939 2144 1030 2176 Idem
1062 2143 1156 2183 velle,
1184 2143 1271 2175 idem
1295 2152 1391 2184 posse

275 2195 304 2228 Α
330 2204 367 2227 se
392 2194 591 2228 differentia.
990 2193 1065 2227 Pari
1094 2193 1327 2226 moderamine.

224 2244 380 2286 Quamvis
391 2249 468 2278 sunt
479 2247 558 2289 tres,
571 2254 634 2277 non
645 2243 802 2284 suntme,
940 2243 1041 2275 Pater
1068 2242 1153 2275 alter
1179 2247 1228 2274 est
1256 2253 1274 2274 a
1301 2242 1406 2282 prole,

226 2293 370 2334 Quarum
397 2293 540 2335 simplex
568 2298 619 2326 est
646 2294 728 2336 usia,
939 2292 1055 2325 Proles
1082 2296 1259 2333 tamquam.
1288 2291 1337 2323 sol
1366 2300 1405 2323 ex
1433 2290 1513 2330 sole,

274 2342 340 2376 Sed
367 2343 456 2376 trina
482 2343 666 2382 distinctio,
987 2342 1017 2374 A
1045 2345 1141 2381 patre
1166 2341 1396 2383 progreditur3

225 2392 313 2433 Quas
341 2392 537 2427 discernunt
562 2393 724 2434 notiones,
940 2390 1031 2431 Quod
1059 2390 1209 2432 procedit
1237 2389 1277 2422 ab
1305 2394 1455 2431 utroque,

224 2441 300 2476 Non
326 2440 489 2476 humanae
513 2442 671 2479 rationes,
937 2440 1074 2473 Flamen
1103 2444 1198 2480 patre
1223 2439 1370 2480 fiilioque

273 2490 340 2524 Sed
365 2500 444 2524 vera
469 2491 645 2526 confessio.
986 2489 1099 2522 Firma
1126 2489 1192 2522 fide
1219 2488 1377 2522 creditur.
