1650 2727
691 164 928 200 „11-

178 264 211 297 6.
238 262 286 296 Te
312 271 398 296 nunc
423 271 564 303 oramu5‚
591 261 742 302 Domine,
886 265 917 298 7.
945 264 1024 298 Cum
1055 264 1183 296 veneris
1210 263 1357 297 iudicare

286 311 383 345 Assis
408 312 479 344 sine
505 320 605 352 mora,
993 312 1112 345 Omnes
1140 317 1248 344 terrae
1275 314 1381 346 tribus

236 361 306 394 Tuo
319 359 348 402 ¹)
376 360 522 394 vivamus
548 359 689 400 nomine,
942 360 987 394 Et
1013 370 1124 394 omnes
1150 362 1191 393 ad
1219 368 1250 392 te
1277 371 1394 394 vocare

288 411 324 443 In
349 409 464 442 ultima
489 409 582 449 hora,
994 411 1044 443 De
1072 410 1185 442 mundi
1213 411 1377 450 partibus,

237 458 324 492 Tuas
350 459 384 490 in
411 467 524 491 manus
551 458 677 490 animas
951 458 1064 491 Statue
1089 468 1148 490 nos
1175 459 1217 490 acl
1247 459 1428 501 dexteram,

240 507 512 540 Commendamus
540 510 682 546 nostras,
945 508 1034 540 Iuste
1061 508 1171 549 iudex,
1200 512 1299 550 tuam,

285 557 372 596 Quas
399 555 543 598 digneris
570 556 753 597 gubernare
994 557 1039 590 Ut
1067 557 1182 590 audire
1210 556 1310 589 verba
1337 560 1393 587 tua

284 605 330 638 Et
356 604 411 644 pie
438 613 582 644 servare,
997 610 1159 645 Queamus
1188 605 1316 638 dulcia:

337 653 382 687 Ut
409 657 649 694 consequantur
675 658 730 686 tua
1044 656 1104 695 Ite,
1134 664 1189 687 vos
1219 654 1393 693 benedicti„

338 702 517 735 Laetanter
542 702 672 744 gaudia.
1046 704 1115 736 Deo
1142 704 1346 744 praedilecti.

473 792 505 824 8.
534 791 585 824 Da.
611 791 726 823 audire
752 791 844 824 illam
871 801 993 826 vocem.

583 840 728 881 Benigne
755 841 910 880 salvator,

534 891 579 924 Ut
607 893 711 922 atram
741 890 879 922 vitemus
907 900 1030 931 necem,

583 941 728 972 Aeterne
756 944 895 977 creator,

532 988 604 1021 Duc
635 997 694 1020 nos
721 992 808 1020 tuam
837 988 878 1020 ad
903 988 1055 1029 gloriam,

533 1038 611 1070 Post
637 1036 722 1069 hanc
751 1037 935 1074 victoriam,

582 1085 627 1118 Ut
653 1089 685 1117 te
712 1085 882 1118 laudemus
909 1087 941 1118 in
970 1086 1069 1118 caelis

583 1134 661 1167 Cum
690 1136 812 1168 sanctis
840 1136 964 1176 angelis

632 1184 696 1217 Per
720 1187 871 1224 tempora
899 1185 1015 1217 sedula

630 1233 694 1266 Per
721 1238 836 1265 cuncta
864 1235 1006 1267 saecula.

785 1360 855 1396 III.

241 1448 310 1484 Die
349 1448 487 1484 Lieder
531 1448 598 1485 der
640 1449 780 1484 dritten
823 1449 1027 1494 Abteilung
1066 1448 1201 1484 fiiliren
1242 1449 1313 1484 (len
1356 1449 1497 1484 Nameu

139 1508 341 1545 Cantiones
372 1506 550 1544 Suecicae
585 1508 691 1543 nicht
726 1508 898 1552 deshalb,
938 1508 1019 1544 weil
1057 1510 1112 1544 sie
1142 1508 1404 1544 ausnahmslos
1433 1519 1499 1544 aus

141 1567 343 1604 Schweclen
385 1570 588 1609 stammen,
630 1566 678 1602 da
717 1567 872 1603 manche
912 1567 1156 1610 vermutlicli,
1197 1568 1319 1613 einige
1358 1569 1499 1613 wenige

141 1626 272 1672 gewiss
308 1636 375 1662 aus
403 1625 653 1669 Frankreich,
691 1626 950 1663 Deutschland
988 1628 1077 1663 oder
1106 1627 1272 1679 Bolnnen
1301 1632 1497 1665 stamlnen.

140 1685 304 1722 sondern
344 1685 427 1721 weil
470 1685 522 1721 sie
560 1685 760 1731 J'edenfalls
803 1686 869 1722 der
906 1685 1101 1722 Mehrzahl
1140 1687 1236 1722 nach
1272 1686 1497 1722 nortlisclien

138 1745 360 1791 Ursprungs
385 1746 457 1781 und
487 1745 561 1781 alle
582 1744 641 1781 ein
661 1744 735 1781 und
753 1745 947 1781 ‹lersell›en
967 1744 1247 1782 schwedischen
1269 1745 1400 1789 Quelle
1420 1752 1500 1781 eut-

137 1814 310 1841 nommen
348 1804 454 1848 sind,
491 1813 560 1840 aus
597 1803 663 1839 der
698 1804 752 1840 sie
790 1804 933 1840 bereits
967 1815 1037 1840 von
1066 1804 1281 1850 Klennning
1310 1806 1347 1841 in
1376 1806 1500 1841 seiner

139 1862 415 1901 schwedisehen
445 1862 832 1910 Hymnensammlung
867 1864 1071 1909 publiziert
1110 1866 1271 1900 wurden.
1327 1865 1501 1901 Obschon

139 1923 241 1960 diese
270 1923 406 1968 Quelle
435 1933 503 1959 aus
529 1923 614 1959 dem
643 1923 749 1960 Eride
779 1923 844 1959 (les
871 1923 1231 1960 1‹j.Jaln·hun‹lerts
1258 1929 1423 1964 stanimir
1452 1925 1499 1960 ist

137 1982 231 2019 doch
258 1982 318 2019 ihr
337 1982 466 2019 Inhalt
485 1982 546 2018 ein
566 1982 926 2020 mittelalterlieher.
973 1984 1052 2019 Dei·
1072 1983 1170 2019 Titel
1192 1984 1312 2019 dieses
1332 1984 1501 2021 selteueu

140 2041 419 2079 Druckwerkes
446 2043 587 2079 lautet:

236 2102 351 2139 Piae
385 2102 646 2139 cantiones
680 2101 1063 2140 ecclesiasticae
1091 2106 1136 2139 et
1165 2103 1502 2140 scholasticae

138 2164 311 2198 veterum
331 2161 589 2209 episcoporum
608 2161 645 2197 in
666 2161 798 2199 inclito
819 2172 932 2206 regno
952 2162 1108 2199 sueciae
1125 2163 1263 2207 passim
1286 2166 1502 2208 usurpatae.

138 2231 260 2268 nuper
285 2220 410 2258 studio
439 2221 511 2257 viri
540 2221 734 2258 cuiusdam
765 2221 1077 2264 reverendissimi,
1106 2222 1150 2256 ‹le
1178 2222 1335 2258 ecelesia
1367 2222 1438 2258 Dei
1466 2227 1501 2259 et

137 2280 266 2318 schola
288 2280 453 2318 Aboensi
471 2279 511 2316 in
531 2279 761 2317 Finnlandia
789 2279 930 2326 optime
958 2280 1098 2322 meriti,
1125 2284 1299 2317 accurate
1318 2293 1339 2317 a
1360 2282 1503 2317 mendis

140 2343 336 2378 correctae
361 2343 401 2376 et
427 2350 527 2377 nunc
553 2339 656 2386 typis
679 2339 900 2377 commissae
920 2350 1031 2385 opera
1053 2339 1342 2377 Theodorici
1373 2340 1503 2376 Petri

137 2399 485 2447 Nylandensis.
538 2399 610 2435 His
645 2398 783 2435 adiecti
820 2402 908 2435 sunt
944 2398 1091 2444 aliquot
1124 2410 1168 2435 ex
1195 2400 1351 2446 psalmis
1379 2410 1504 2436 reeen-

240 2527 264 2564 ¹)
282 2529 380 2558 Nobis
401 2531 454 2558 tuo
474 2529 617 2557 vivamus
