<?xml version="1.0" encoding="UTF-8"?>
<!DOCTYPE html PUBLIC "-//W3C//DTD XHTML 1.0 Transitional//EN"
    "http://www.w3.org/TR/xhtml1/DTD/xhtml1-transitional.dtd">
<html xmlns="http://www.w3.org/1999/xhtml" xml:lang="en" lang="en">
 <head>
  <title>
</title>
<meta http-equiv="Content-Type" content="text/html;charset=utf-8" />
  <meta name='ocr-system' content='tesseract 3.04.00' />
  <meta name='ocr-capabilities' content='ocr_page ocr_carea ocr_par ocr_line ocrx_word'/>
</head>
<body>
  <div class='ocr_page' id='page_1' title='image "./analectahymnica45drevuoft/analectahymnica45drevuoft_0359.png"; bbox 0 0 1650 2727; ppageno 0'>
   <div class='ocr_carea' id='block_1_1' title="bbox 716 149 980 186">
    <p class='ocr_par' dir='ltr' id='par_1_1' title="bbox 716 149 980 186">
     <span class='ocr_line' id='line_1_1' title="bbox 716 149 980 186; baseline 0 -11"><span class='ocrx_word' id='word_1_1' title='bbox 716 149 980 186; x_wconf 80' lang='lat'>..144-</span> 
     </span>
    </p>
   </div>
   <div class='ocr_carea' id='block_1_2' title="bbox 565 247 1137 632">
    <p class='ocr_par' dir='ltr' id='par_1_2' title="bbox 565 247 1098 289">
     <span class='ocr_line' id='line_1_2' title="bbox 565 247 1098 289; baseline -0.008 -5"><span class='ocrx_word' id='word_1_2' title='bbox 565 251 595 283; x_wconf 90' lang='lat'>7.</span> <span class='ocrx_word' id='word_1_3' title='bbox 626 247 733 284; x_wconf 77' lang='lat' dir='ltr'>Fecit</span> <span class='ocrx_word' id='word_1_4' title='bbox 760 249 885 289; x_wconf 66' lang='lat' dir='ltr'>grande</span> <span class='ocrx_word' id='word_1_5' title='bbox 910 248 1098 281; x_wconf 90' lang='lat' dir='ltr'>convivium</span> 
     </span>
    </p>

    <p class='ocr_par' dir='ltr' id='par_1_3' title="bbox 672 297 1015 336">
     <span class='ocr_line' id='line_1_3' title="bbox 672 297 1015 336; baseline -0.009 -5"><span class='ocrx_word' id='word_1_6' title='bbox 672 300 812 331; x_wconf 80' lang='lat' dir='ltr'>Anator</span> <span class='ocrx_word' id='word_1_7' title='bbox 839 297 1015 336; x_wconf 79' lang='lat' dir='ltr'>castitatis,</span> 
     </span>
    </p>

    <p class='ocr_par' dir='ltr' id='par_1_4' title="bbox 626 346 1053 435">
     <span class='ocr_line' id='line_1_4' title="bbox 626 346 1027 388; baseline -0.007 -8"><span class='ocrx_word' id='word_1_8' title='bbox 626 347 815 388; x_wconf 72' lang='lat' dir='ltr'>Suscipiens</span> <span class='ocrx_word' id='word_1_9' title='bbox 842 346 1027 387; x_wconf 73' lang='lat' dir='ltr'>homagium</span> 
     </span>
     <span class='ocr_line' id='line_1_5' title="bbox 675 393 1053 435; baseline -0.005 -7"><span class='ocrx_word' id='word_1_10' title='bbox 675 397 816 428; x_wconf 76' lang='lat' dir='ltr'>Nostrae</span> <span class='ocrx_word' id='word_1_11' title='bbox 843 393 1053 435; x_wconf 82' lang='lat' dir='ltr'>fragilitatis3</span> 
     </span>
    </p>

    <p class='ocr_par' dir='ltr' id='par_1_5' title="bbox 628 442 1137 533">
     <span class='ocr_line' id='line_1_6' title="bbox 628 442 1137 486; baseline -0.01 -8"><span class='ocrx_word' id='word_1_12' title='bbox 628 446 688 486; x_wconf 85' lang='lat' dir='ltr'>Qui</span> <span class='ocrx_word' id='word_1_13' title='bbox 716 444 824 477; x_wconf 89' lang='lat' dir='ltr'>carnis</span> <span class='ocrx_word' id='word_1_14' title='bbox 850 453 912 484; x_wconf 88' lang='lat' dir='ltr'>per</span> <span class='ocrx_word' id='word_1_15' title='bbox 939 442 1137 484; x_wconf 86' lang='lat' dir='ltr'>supplicium</span> 
     </span>
     <span class='ocr_line' id='line_1_7' title="bbox 675 491 1051 533; baseline -0.008 -7"><span class='ocrx_word' id='word_1_16' title='bbox 675 494 744 526; x_wconf 88' lang='lat' dir='ltr'>Nos</span> <span class='ocrx_word' id='word_1_17' title='bbox 771 493 910 525; x_wconf 88' lang='lat' dir='ltr'>redemit</span> <span class='ocrx_word' id='word_1_18' title='bbox 937 491 1051 533; x_wconf 85' lang='lat' dir='ltr'>gratis,</span> 
     </span>
    </p>

    <p class='ocr_par' dir='ltr' id='par_1_6' title="bbox 626 540 1051 632">
     <span class='ocr_line' id='line_1_8' title="bbox 626 540 1031 575; baseline -0.007 0"><span class='ocrx_word' id='word_1_19' title='bbox 626 543 812 575; x_wconf 84' lang='lat' dir='ltr'>Laudemus</span> <span class='ocrx_word' id='word_1_20' title='bbox 839 541 902 574; x_wconf 87' lang='lat' dir='ltr'>Dei</span> <span class='ocrx_word' id='word_1_21' title='bbox 929 540 1031 573; x_wconf 87' lang='lat' dir='ltr'>filium</span> 
     </span>
     <span class='ocr_line' id='line_1_9' title="bbox 677 589 1051 632; baseline -0.008 -8"><span class='ocrx_word' id='word_1_22' title='bbox 677 592 757 624; x_wconf 87' lang='lat' dir='ltr'>Cum</span> <span class='ocrx_word' id='word_1_23' title='bbox 784 590 909 632; x_wconf 83' lang='lat' dir='ltr'>angelis</span> <span class='ocrx_word' id='word_1_24' title='bbox 935 589 1051 622; x_wconf 87' lang='lat' dir='ltr'>beatis.</span> 
     </span>
    </p>
   </div>
   <div class='ocr_carea' id='block_1_3' title="bbox 551 698 1043 836">
    <p class='ocr_par' dir='ltr' id='par_1_7' title="bbox 551 698 1043 836">
     <span class='ocr_line' id='line_1_10' title="bbox 551 698 978 740; baseline -0.007 -8"><span class='ocrx_word' id='word_1_25' title='bbox 551 699 606 731; x_wconf 85' lang='lat' dir='ltr'>R⁰</span> <span class='ocrx_word' id='word_1_26' title='bbox 632 699 763 740; x_wconf 91' lang='lat' dir='ltr'>Optima</span> <span class='ocrx_word' id='word_1_27' title='bbox 790 702 865 730; x_wconf 89' lang='lat' dir='ltr'>sunt</span> <span class='ocrx_word' id='word_1_28' title='bbox 891 698 978 730; x_wconf 85' lang='lat' dir='ltr'><strong>entia</strong></span> 
     </span>
     <span class='ocr_line' id='line_1_11' title="bbox 631 747 976 788; baseline -0.003 -9"><span class='ocrx_word' id='word_1_29' title='bbox 631 748 795 788; x_wconf 79' lang='lat' dir='ltr'><strong>Optimam</strong></span> <span class='ocrx_word' id='word_1_30' title='bbox 823 747 976 779; x_wconf 85' lang='lat' dir='ltr'>ducentia</span> 
     </span>
     <span class='ocr_line' id='line_1_12' title="bbox 678 796 1043 836; baseline 0 -8"><span class='ocrx_word' id='word_1_31' title='bbox 678 797 789 828; x_wconf 81' lang='lat' dir='ltr'>Vitam</span> <span class='ocrx_word' id='word_1_32' title='bbox 815 796 849 827; x_wconf 91' lang='lat' dir='ltr'>in</span> <span class='ocrx_word' id='word_1_33' title='bbox 877 804 1043 836; x_wconf 78' lang='lat' dir='ltr'>empyreo,</span> 
     </span>
    </p>
   </div>
   <div class='ocr_carea' id='block_1_4' title="bbox 180 894 1535 1016">
    <p class='ocr_par' dir='ltr' id='par_1_8' title="bbox 180 894 1535 1016">
     <span class='ocr_line' id='line_1_13' title="bbox 263 894 1532 936; baseline -0.005 -7"><span class='ocrx_word' id='word_1_34' title='bbox 263 903 335 929; x_wconf 86' lang='lat' dir='ltr'>Piae</span> <span class='ocrx_word' id='word_1_35' title='bbox 358 904 521 930; x_wconf 87' lang='lat' dir='ltr'>Cantiones</span> <span class='ocrx_word' id='word_1_36' title='bbox 543 903 592 929; x_wconf 81' lang='lat' dir='ltr'>fol.</span> <span class='ocrx_word' id='word_1_37' title='bbox 616 904 644 930; x_wconf 92' lang='lat' dir='ltr'>H</span> <span class='ocrx_word' id='word_1_38' title='bbox 667 901 683 929; x_wconf 82' lang='lat'><strong>7</strong></span> <span class='ocrx_word' id='word_1_39' title='bbox 706 911 733 929; x_wconf 90' lang='lat' dir='ltr'>a.</span> <span class='ocrx_word' id='word_1_40' title='bbox 747 902 931 936; x_wconf 85' lang='lat' dir='ltr'>(Klemming</span> <span class='ocrx_word' id='word_1_41' title='bbox 948 901 988 933; x_wconf 84' lang='lat'>11,</span> <span class='ocrx_word' id='word_1_42' title='bbox 1009 898 1028 928; x_wconf 88' lang='grc'>8</span> <span class='ocrx_word' id='word_1_43' title='bbox 1048 900 1078 927; x_wconf 86' lang='lat' dir='ltr'>ff.</span> <span class='ocrx_word' id='word_1_44' title='bbox 1100 900 1145 927; x_wconf 85' lang='lat' dir='ltr'>als</span> <span class='ocrx_word' id='word_1_45' title='bbox 1163 897 1387 934; x_wconf 50' lang='lat' dir='ltr'>„Hymnus‘stl</span> <span class='ocrx_word' id='word_1_46' title='bbox 1408 911 1445 916; x_wconf 93' lang='lat'>—</span> <span class='ocrx_word' id='word_1_47' title='bbox 1466 894 1494 929; x_wconf 85' lang='grc'>2,</span> <span class='ocrx_word' id='word_1_48' title='bbox 1518 894 1532 923; x_wconf 86' lang='lat' dir='ltr'>l</span> 
     </span>
     <span class='ocr_line' id='line_1_14' title="bbox 180 937 1535 978; baseline -0.005 -8"><span class='ocrx_word' id='word_1_49' title='bbox 180 943 248 970; x_wconf 77' lang='lat' dir='ltr'>Lux</span> <span class='ocrx_word' id='word_1_50' title='bbox 277 942 350 968; x_wconf 83' lang='lat' dir='ltr'>haec</span> <span class='ocrx_word' id='word_1_51' title='bbox 372 951 467 978; x_wconf 79' lang='lat' dir='ltr'>gegen</span> <span class='ocrx_word' id='word_1_52' title='bbox 489 942 541 968; x_wconf 75' lang='lat' dir='ltr'>das</span> <span class='ocrx_word' id='word_1_53' title='bbox 558 941 768 968; x_wconf 73' lang='lat' dir='ltr'>Akrostichon.</span> <span class='ocrx_word' id='word_1_54' title='bbox 791 957 828 960; x_wconf 97' lang='lat'><strong>—</strong></span> <span class='ocrx_word' id='word_1_55' title='bbox 850 938 877 973; x_wconf 89' lang='lat'>3,</span> <span class='ocrx_word' id='word_1_56' title='bbox 898 937 917 967; x_wconf 87' lang='lat'>3</span> <span class='ocrx_word' id='word_1_57' title='bbox 938 939 1073 976; x_wconf 84' lang='lat' dir='ltr'>procedit</span> <span class='ocrx_word' id='word_1_58' title='bbox 1096 939 1176 966; x_wconf 89' lang='lat' dir='ltr'>filius</span> <span class='ocrx_word' id='word_1_59' title='bbox 1197 947 1293 974; x_wconf 84' lang='lat' dir='ltr'>gegen</span> <span class='ocrx_word' id='word_1_60' title='bbox 1313 937 1371 965; x_wconf 87' lang='lat' dir='ltr'>den</span> <span class='ocrx_word' id='word_1_61' title='bbox 1384 938 1477 964; x_wconf 87' lang='lat' dir='ltr'>Reim.</span> <span class='ocrx_word' id='word_1_62' title='bbox 1497 950 1535 955; x_wconf 98' lang='lat'>—</span> 
     </span>
     <span class='ocr_line' id='line_1_15' title="bbox 180 975 1534 1016; baseline -0.004 -10"><span class='ocrx_word' id='word_1_63' title='bbox 180 980 211 1014; x_wconf 85' lang='lat'>3,</span> <span class='ocrx_word' id='word_1_64' title='bbox 237 980 254 1008; x_wconf 81' lang='lat'>5</span> <span class='ocrx_word' id='word_1_65' title='bbox 278 981 323 1007; x_wconf 79' lang='lat' dir='ltr'>Ab</span> <span class='ocrx_word' id='word_1_66' title='bbox 345 985 471 1016; x_wconf 87' lang='lat' dir='ltr'>utroque</span> <span class='ocrx_word' id='word_1_67' title='bbox 494 984 603 1007; x_wconf 80' lang='lat' dir='ltr'>manat.</span> <span class='ocrx_word' id='word_1_68' title='bbox 628 995 662 998; x_wconf 97' lang='lat'><strong>—</strong></span> <span class='ocrx_word' id='word_1_69' title='bbox 690 979 716 1013; x_wconf 84' lang='lat'>5,</span> <span class='ocrx_word' id='word_1_70' title='bbox 739 979 756 1007; x_wconf 85' lang='lat'>5</span> <span class='ocrx_word' id='word_1_71' title='bbox 780 980 930 1008; x_wconf 88' lang='lat' dir='ltr'>Unreiner</span> <span class='ocrx_word' id='word_1_72' title='bbox 951 979 1047 1006; x_wconf 88' lang='lat' dir='ltr'>Reim.</span> <span class='ocrx_word' id='word_1_73' title='bbox 1069 993 1106 997; x_wconf 94' lang='lat'>--</span> <span class='ocrx_word' id='word_1_74' title='bbox 1128 976 1345 1005; x_wconf 77' lang='lat' dir='ltr'>Akrostichon:</span> <span class='ocrx_word' id='word_1_75' title='bbox 1373 975 1534 1003; x_wconf 81' lang='lat' dir='ltr'>Thomas</span> 
     </span>
    </p>
   </div>
   <div class='ocr_carea' id='block_1_5' title="bbox 181 1020 289 1048">
    <p class='ocr_par' dir='ltr' id='par_1_9' title="bbox 181 1020 289 1048">
     <span class='ocr_line' id='line_1_16' title="bbox 181 1020 289 1048; baseline -0.009 -2"><span class='ocrx_word' id='word_1_76' title='bbox 181 1020 289 1048; x_wconf 85' lang='lat' dir='ltr'>fecit.</span> 
     </span>
    </p>
   </div>
   <div class='ocr_carea' id='block_1_6' title="bbox 662 1151 1067 1183">
    <p class='ocr_par' dir='ltr' id='par_1_10' title="bbox 662 1151 1067 1183">
     <span class='ocr_line' id='line_1_17' title="bbox 662 1151 1067 1183; baseline -0.002 0"><span class='ocrx_word' id='word_1_77' title='bbox 662 1152 724 1183; x_wconf 81' lang='lat'>178.</span> <span class='ocrx_word' id='word_1_78' title='bbox 768 1151 812 1183; x_wconf 80' lang='lat' dir='ltr'>De</span> <span class='ocrx_word' id='word_1_79' title='bbox 833 1161 874 1183; x_wconf 86' lang='lat' dir='ltr'>ss.</span> <span class='ocrx_word' id='word_1_80' title='bbox 898 1151 1067 1183; x_wconf 77' lang='lat' dir='ltr'>Trinitate.</span> 
     </span>
    </p>
   </div>
   <div class='ocr_carea' id='block_1_7' title="bbox 932 1251 1389 1335">
    <p class='ocr_par' dir='ltr' id='par_1_11' title="bbox 932 1251 1389 1335">
     <span class='ocr_line' id='line_1_18' title="bbox 932 1251 1358 1288; baseline -0.014 0"><span class='ocrx_word' id='word_1_81' title='bbox 932 1256 964 1288; x_wconf 89' lang='lat'>4.</span> <span class='ocrx_word' id='word_1_82' title='bbox 994 1252 1165 1288; x_wconf 87' lang='lat' dir='ltr'><strong>Credimus</strong></span> <span class='ocrx_word' id='word_1_83' title='bbox 1193 1251 1358 1284; x_wconf 88' lang='lat' dir='ltr'>stabiliter</span> 
     </span>
     <span class='ocr_line' id='line_1_19' title="bbox 1041 1302 1389 1335; baseline -0.009 -1"><span class='ocrx_word' id='word_1_84' title='bbox 1041 1302 1126 1335; x_wconf 87' lang='lat' dir='ltr'>Fide</span> <span class='ocrx_word' id='word_1_85' title='bbox 1152 1310 1216 1333; x_wconf 90' lang='lat' dir='ltr'>nou</span> <span class='ocrx_word' id='word_1_86' title='bbox 1244 1304 1389 1333; x_wconf 87' lang='lat' dir='ltr'>creatum</span> 
     </span>
    </p>
   </div>
   <div class='ocr_carea' id='block_1_8' title="bbox 228 1251 717 1336">
    <p class='ocr_par' dir='ltr' id='par_1_12' title="bbox 228 1251 717 1336">
     <span class='ocr_line' id='line_1_20' title="bbox 228 1251 717 1296; baseline -0.002 -8"><span class='ocrx_word' id='word_1_87' title='bbox 228 1255 260 1288; x_wconf 89' lang='lat'>1.</span> <span class='ocrx_word' id='word_1_88' title='bbox 288 1251 377 1288; x_wconf 79' lang='lat' dir='ltr'>Bene</span> <span class='ocrx_word' id='word_1_89' title='bbox 405 1254 566 1296; x_wconf 88' lang='lat' dir='ltr'>quondam</span> <span class='ocrx_word' id='word_1_90' title='bbox 595 1254 717 1287; x_wconf 83' lang='lat' dir='ltr'>dociles</span> 
     </span>
     <span class='ocr_line' id='line_1_21' title="bbox 335 1303 648 1336; baseline -0.003 -1"><span class='ocrx_word' id='word_1_91' title='bbox 335 1303 508 1336; x_wconf 85' lang='lat' dir='ltr'>Scholares</span> <span class='ocrx_word' id='word_1_92' title='bbox 534 1303 648 1334; x_wconf 90' lang='lat' dir='ltr'>mirari</span> 
     </span>
    </p>
   </div>
   <div class='ocr_carea' id='block_1_9' title="bbox 286 1351 767 1635">
    <p class='ocr_par' dir='ltr' id='par_1_13' title="bbox 286 1351 680 1433">
     <span class='ocr_line' id='line_1_22' title="bbox 286 1351 680 1392; baseline -0.003 -7"><span class='ocrx_word' id='word_1_93' title='bbox 286 1353 485 1392; x_wconf 81' lang='lat' dir='ltr'>Coepemnt,</span> <span class='ocrx_word' id='word_1_94' title='bbox 513 1351 680 1384; x_wconf 88' lang='lat' dir='ltr'>mirabiles</span> 
     </span>
     <span class='ocr_line' id='line_1_23' title="bbox 335 1400 625 1433; baseline 0.007 -3"><span class='ocrx_word' id='word_1_95' title='bbox 335 1400 492 1433; x_wconf 77' lang='lat' dir='ltr'>videntes</span> <span class='ocrx_word' id='word_1_96' title='bbox 520 1401 625 1432; x_wconf 86' lang='lat' dir='ltr'>creari</span> 
     </span>
    </p>

    <p class='ocr_par' dir='ltr' id='par_1_14' title="bbox 288 1448 701 1538">
     <span class='ocr_line' id='line_1_24' title="bbox 288 1448 701 1483; baseline -0.005 -1"><span class='ocrx_word' id='word_1_97' title='bbox 288 1448 355 1483; x_wconf 88' lang='lat' dir='ltr'>Res</span> <span class='ocrx_word' id='word_1_98' title='bbox 383 1454 413 1481; x_wconf 89' lang='lat' dir='ltr'>et</span> <span class='ocrx_word' id='word_1_99' title='bbox 440 1449 498 1481; x_wconf 84' lang='lat' dir='ltr'>has</span> <span class='ocrx_word' id='word_1_100' title='bbox 527 1449 701 1481; x_wconf 86' lang='lat' dir='ltr'>dissimiles</span> 
     </span>
     <span class='ocr_line' id='line_1_25' title="bbox 334 1498 613 1538; baseline -0.004 -8"><span class='ocrx_word' id='word_1_101' title='bbox 334 1499 437 1530; x_wconf 84' lang='lat' dir='ltr'>Actus</span> <span class='ocrx_word' id='word_1_102' title='bbox 464 1498 613 1538; x_wconf 77' lang='lat' dir='ltr'>operari3</span> 
     </span>
    </p>

    <p class='ocr_par' dir='ltr' id='par_1_15' title="bbox 287 1546 767 1635">
     <span class='ocr_line' id='line_1_26' title="bbox 287 1546 622 1586; baseline -0.006 -7"><span class='ocrx_word' id='word_1_103' title='bbox 287 1546 401 1586; x_wconf 84' lang='lat' dir='ltr'>Coepit</span> <span class='ocrx_word' id='word_1_104' title='bbox 426 1546 622 1579; x_wconf 87' lang='lat' dir='ltr'>Aristoteles</span> 
     </span>
     <span class='ocr_line' id='line_1_27' title="bbox 337 1594 767 1635; baseline 0.002 -9"><span class='ocrx_word' id='word_1_105' title='bbox 337 1595 386 1628; x_wconf 90' lang='lat' dir='ltr'>his</span> <span class='ocrx_word' id='word_1_106' title='bbox 413 1596 503 1627; x_wconf 90' lang='lat' dir='ltr'>miris</span> <span class='ocrx_word' id='word_1_107' title='bbox 530 1594 767 1635; x_wconf 86' lang='lat' dir='ltr'>philosophari.</span> 
     </span>
    </p>
   </div>
   <div class='ocr_carea' id='block_1_10' title="bbox 255 1700 746 2036">
    <p class='ocr_par' dir='ltr' id='par_1_16' title="bbox 255 1700 746 2036">
     <span class='ocr_line' id='line_1_28' title="bbox 255 1700 614 1742; baseline -0.006 -7"><span class='ocrx_word' id='word_1_108' title='bbox 255 1729 262 1735; x_wconf 96' lang='lat'>.</span> <span class='ocrx_word' id='word_1_109' title='bbox 292 1700 332 1737; x_wconf 90' lang='lat' dir='ltr'>In</span> <span class='ocrx_word' id='word_1_110' title='bbox 359 1702 614 1742; x_wconf 80' lang='lat' dir='ltr'>intellegentiam</span> 
     </span>
     <span class='ocr_line' id='line_1_29' title="bbox 339 1751 652 1783; baseline -0.003 0"><span class='ocrx_word' id='word_1_111' title='bbox 339 1751 441 1783; x_wconf 89' lang='lat' dir='ltr'>Primi</span> <span class='ocrx_word' id='word_1_112' title='bbox 469 1751 553 1783; x_wconf 88' lang='lat' dir='ltr'>entis</span> <span class='ocrx_word' id='word_1_113' title='bbox 576 1759 652 1782; x_wconf 86' lang='lat' dir='ltr'>vere</span> 
     </span>
     <span class='ocr_line' id='line_1_30' title="bbox 291 1800 673 1840; baseline -0.005 -8"><span class='ocrx_word' id='word_1_114' title='bbox 291 1800 413 1832; x_wconf 86' lang='lat' dir='ltr'>Sensus</span> <span class='ocrx_word' id='word_1_115' title='bbox 440 1809 500 1840; x_wconf 90' lang='lat' dir='ltr'>per</span> <span class='ocrx_word' id='word_1_116' title='bbox 525 1800 673 1831; x_wconf 85' lang='lat' dir='ltr'>notitiam</span> 
     </span>
     <span class='ocr_line' id='line_1_31' title="bbox 339 1849 633 1888; baseline -0.007 -7"><span class='ocrx_word' id='word_1_117' title='bbox 339 1849 475 1881; x_wconf 84' lang='lat' dir='ltr'>Veteres</span> <span class='ocrx_word' id='word_1_118' title='bbox 503 1857 633 1888; x_wconf 76' lang='lat' dir='ltr'>venere,</span> 
     </span>
     <span class='ocr_line' id='line_1_32' title="bbox 291 1898 726 1938; baseline 0 -9"><span class='ocrx_word' id='word_1_119' title='bbox 291 1898 360 1937; x_wconf 84' lang='lat' dir='ltr'>Quo</span> <span class='ocrx_word' id='word_1_120' title='bbox 387 1898 524 1938; x_wconf 88' lang='lat' dir='ltr'>primam</span> <span class='ocrx_word' id='word_1_121' title='bbox 552 1898 726 1929; x_wconf 87' lang='lat' dir='ltr'>essentiam</span> 
     </span>
     <span class='ocr_line' id='line_1_33' title="bbox 340 1946 746 1986; baseline -0.002 -7"><span class='ocrx_word' id='word_1_122' title='bbox 340 1946 405 1979; x_wconf 88' lang='lat' dir='ltr'>Res</span> <span class='ocrx_word' id='word_1_123' title='bbox 430 1955 540 1979; x_wconf 88' lang='lat' dir='ltr'>omnes</span> <span class='ocrx_word' id='word_1_124' title='bbox 567 1955 746 1986; x_wconf 86' lang='lat' dir='ltr'>sumpsere,</span> 
     </span>
     <span class='ocr_line' id='line_1_34' title="bbox 291 1994 645 2036; baseline -0.006 -8"><span class='ocrx_word' id='word_1_125' title='bbox 291 1994 469 2028; x_wconf 82' lang='lat' dir='ltr'>Affirmant</span> <span class='ocrx_word' id='word_1_126' title='bbox 494 1995 645 2036; x_wconf 90' lang='lat' dir='ltr'>quoniam</span> 
     </span>
    </p>
   </div>
   <div class='ocr_carea' id='block_1_11' title="bbox 342 2045 820 2085">
    <p class='ocr_par' dir='ltr' id='par_1_17' title="bbox 342 2045 820 2085">
     <span class='ocr_line' id='line_1_35' title="bbox 342 2045 820 2085; baseline -0.002 -9"><span class='ocrx_word' id='word_1_127' title='bbox 342 2045 387 2076; x_wconf 90' lang='lat' dir='ltr'>nil</span> <span class='ocrx_word' id='word_1_128' title='bbox 414 2053 510 2085; x_wconf 88' lang='lat' dir='ltr'>posse</span> <span class='ocrx_word' id='word_1_129' title='bbox 537 2049 669 2076; x_wconf 82' lang='lat' dir='ltr'>creante</span> <span class='ocrx_word' id='word_1_130' title='bbox 696 2052 820 2076; x_wconf 87' lang='lat' dir='ltr'>carere.</span> 
     </span>
    </p>
   </div>
   <div class='ocr_carea' id='block_1_12' title="bbox 234 2149 753 2535">
    <p class='ocr_par' dir='ltr' id='par_1_18' title="bbox 234 2149 671 2192">
     <span class='ocr_line' id='line_1_36' title="bbox 234 2149 671 2192; baseline -0.009 -6"><span class='ocrx_word' id='word_1_131' title='bbox 234 2154 265 2188; x_wconf 86' lang='lat'>3.</span> <span class='ocrx_word' id='word_1_132' title='bbox 292 2149 417 2186; x_wconf 89' lang='lat' dir='ltr'>Rident</span> <span class='ocrx_word' id='word_1_133' title='bbox 443 2152 520 2184; x_wconf 86' lang='lat' dir='ltr'>licet</span> <span class='ocrx_word' id='word_1_134' title='bbox 542 2151 671 2192; x_wconf 83' lang='lat' dir='ltr'>physici</span> 
     </span>
    </p>

    <p class='ocr_par' dir='ltr' id='par_1_19' title="bbox 297 2199 712 2291">
     <span class='ocr_line' id='line_1_37' title="bbox 342 2199 635 2243; baseline 0 -11"><span class='ocrx_word' id='word_1_135' title='bbox 342 2199 392 2232; x_wconf 90' lang='lat' dir='ltr'>De</span> <span class='ocrx_word' id='word_1_136' title='bbox 418 2200 635 2243; x_wconf 88' lang='lat' dir='ltr'>philosophia,</span> 
     </span>
     <span class='ocr_line' id='line_1_38' title="bbox 297 2249 712 2291; baseline -0.002 -10"><span class='ocrx_word' id='word_1_137' title='bbox 297 2251 423 2289; x_wconf 87' lang='lat' dir='ltr'>Quanto</span> <span class='ocrx_word' id='word_1_138' title='bbox 447 2250 521 2291; x_wconf 89' lang='lat' dir='ltr'>plus</span> <span class='ocrx_word' id='word_1_139' title='bbox 549 2249 712 2289; x_wconf 84' lang='lat' dir='ltr'>catholici,</span> 
     </span>
    </p>

    <p class='ocr_par' dir='ltr' id='par_1_20' title="bbox 296 2299 672 2389">
     <span class='ocr_line' id='line_1_39' title="bbox 344 2299 672 2339; baseline 0 -9"><span class='ocrx_word' id='word_1_140' title='bbox 344 2299 405 2339; x_wconf 89' lang='lat' dir='ltr'>Qui</span> <span class='ocrx_word' id='word_1_141' title='bbox 431 2308 470 2330; x_wconf 86' lang='lat' dir='ltr'>ex</span> <span class='ocrx_word' id='word_1_142' title='bbox 499 2299 672 2339; x_wconf 88' lang='lat' dir='ltr'>prophetia</span> 
     </span>
     <span class='ocr_line' id='line_1_40' title="bbox 296 2347 604 2389; baseline -0.006 -9"><span class='ocrx_word' id='word_1_143' title='bbox 296 2348 396 2381; x_wconf 88' lang='lat' dir='ltr'>Fiunt</span> <span class='ocrx_word' id='word_1_144' title='bbox 422 2347 604 2389; x_wconf 82' lang='lat' dir='ltr'>scientifici,</span> 
     </span>
    </p>

    <p class='ocr_par' dir='ltr' id='par_1_21' title="bbox 297 2396 696 2486">
     <span class='ocr_line' id='line_1_41' title="bbox 345 2396 696 2438; baseline 0 -10"><span class='ocrx_word' id='word_1_145' title='bbox 345 2396 418 2430; x_wconf 87' lang='lat' dir='ltr'>Non</span> <span class='ocrx_word' id='word_1_146' title='bbox 447 2406 487 2429; x_wconf 87' lang='lat' dir='ltr'>ex</span> <span class='ocrx_word' id='word_1_147' title='bbox 511 2396 696 2438; x_wconf 86' lang='lat' dir='ltr'>phantasia,</span> 
     </span>
     <span class='ocr_line' id='line_1_42' title="bbox 297 2445 687 2486; baseline -0.003 -8"><span class='ocrx_word' id='word_1_148' title='bbox 297 2445 381 2478; x_wconf 77' lang='lat' dir='ltr'>Num</span> <span class='ocrx_word' id='word_1_149' title='bbox 409 2447 486 2479; x_wconf 90' lang='lat' dir='ltr'>data</span> <span class='ocrx_word' id='word_1_150' title='bbox 512 2445 687 2486; x_wconf 90' lang='lat' dir='ltr'>multiplici</span> 
     </span>
    </p>

    <p class='ocr_par' dir='ltr' id='par_1_22' title="bbox 345 2494 753 2535">
     <span class='ocr_line' id='line_1_43' title="bbox 345 2494 753 2535; baseline 0 -7"><span class='ocrx_word' id='word_1_151' title='bbox 345 2494 382 2528; x_wconf 85' lang='lat' dir='ltr'>fit</span> <span class='ocrx_word' id='word_1_152' title='bbox 407 2496 454 2528; x_wconf 91' lang='lat' dir='ltr'>eis</span> <span class='ocrx_word' id='word_1_153' title='bbox 480 2496 602 2528; x_wconf 87' lang='lat' dir='ltr'>virtute</span> <span class='ocrx_word' id='word_1_154' title='bbox 626 2495 753 2535; x_wconf 89' lang='lat' dir='ltr'>sophia.</span> 
     </span>
    </p>
   </div>
   <div class='ocr_carea' id='block_1_13' title="bbox 988 1349 1544 1635">
    <p class='ocr_par' dir='ltr' id='par_1_23' title="bbox 988 1349 1544 1635">
     <span class='ocr_line' id='line_1_44' title="bbox 994 1349 1366 1383; baseline -0.008 0"><span class='ocrx_word' id='word_1_155' title='bbox 994 1351 1125 1383; x_wconf 86' lang='lat' dir='ltr'>Patrem</span> <span class='ocrx_word' id='word_1_156' title='bbox 1152 1349 1366 1382; x_wconf 88' lang='lat' dir='ltr'>aeternaliter</span> 
     </span>
     <span class='ocr_line' id='line_1_45' title="bbox 1042 1399 1372 1439; baseline -0.009 -7"><span class='ocrx_word' id='word_1_157' title='bbox 1042 1399 1225 1432; x_wconf 79' lang='lat' dir='ltr'>Generasse</span> <span class='ocrx_word' id='word_1_158' title='bbox 1251 1403 1372 1439; x_wconf 87' lang='lat' dir='ltr'>natum,</span> 
     </span>
     <span class='ocr_line' id='line_1_46' title="bbox 993 1447 1391 1488; baseline -0.003 -8"><span class='ocrx_word' id='word_1_159' title='bbox 993 1448 1037 1480; x_wconf 92' lang='lat' dir='ltr'>Et</span> <span class='ocrx_word' id='word_1_160' title='bbox 1064 1447 1181 1480; x_wconf 88' lang='lat' dir='ltr'>flamen</span> <span class='ocrx_word' id='word_1_161' title='bbox 1209 1447 1391 1488; x_wconf 86' lang='lat' dir='ltr'>aequaliter</span> 
     </span>
     <span class='ocr_line' id='line_1_47' title="bbox 1039 1496 1406 1537; baseline -0.005 -8"><span class='ocrx_word' id='word_1_162' title='bbox 1039 1497 1092 1529; x_wconf 85' lang='lat' dir='ltr'>Ab</span> <span class='ocrx_word' id='word_1_163' title='bbox 1120 1501 1259 1537; x_wconf 88' lang='lat' dir='ltr'>utroque</span> <span class='ocrx_word' id='word_1_164' title='bbox 1285 1496 1406 1535; x_wconf 82' lang='lat' dir='ltr'>latum;</span> 
     </span>
     <span class='ocr_line' id='line_1_48' title="bbox 988 1545 1365 1587; baseline 0.005 -10"><span class='ocrx_word' id='word_1_165' title='bbox 988 1545 1106 1587; x_wconf 87' lang='lat' dir='ltr'>Unum,</span> <span class='ocrx_word' id='word_1_166' title='bbox 1135 1550 1202 1577; x_wconf 90' lang='lat' dir='ltr'>tres</span> <span class='ocrx_word' id='word_1_167' title='bbox 1228 1545 1365 1586; x_wconf 76' lang='lat' dir='ltr'>pariter,</span> 
     </span>
     <span class='ocr_line' id='line_1_49' title="bbox 1037 1595 1544 1635; baseline 0 -9"><span class='ocrx_word' id='word_1_168' title='bbox 1037 1600 1110 1626; x_wconf 88' lang='lat' dir='ltr'>sunt</span> <span class='ocrx_word' id='word_1_169' title='bbox 1122 1595 1153 1626; x_wconf 90' lang='lat' dir='ltr'>hi</span> <span class='ocrx_word' id='word_1_170' title='bbox 1164 1603 1264 1635; x_wconf 87' lang='lat' dir='ltr'>super</span> <span class='ocrx_word' id='word_1_171' title='bbox 1280 1603 1374 1626; x_wconf 88' lang='lat' dir='ltr'>omne</span> <span class='ocrx_word' id='word_1_172' title='bbox 1387 1598 1544 1627; x_wconf 87' lang='lat' dir='ltr'>creatum.</span> 
     </span>
    </p>
   </div>
   <div class='ocr_carea' id='block_1_14' title="bbox 939 1699 1394 1743">
    <p class='ocr_par' dir='ltr' id='par_1_24' title="bbox 939 1699 1394 1743">
     <span class='ocr_line' id='line_1_50' title="bbox 939 1699 1394 1743; baseline -0.002 -8"><span class='ocrx_word' id='word_1_173' title='bbox 939 1704 971 1735; x_wconf 88' lang='lat'>5.</span> <span class='ocrx_word' id='word_1_174' title='bbox 999 1699 1148 1743; x_wconf 84' lang='lat' dir='ltr'>Expedit</span> <span class='ocrx_word' id='word_1_175' title='bbox 1173 1702 1394 1743; x_wconf 85' lang='lat' dir='ltr'>grammaticis</span> 
     </span>
    </p>
   </div>
   <div class='ocr_carea' id='block_1_15' title="bbox 996 1752 1454 2080">
    <p class='ocr_par' dir='ltr' id='par_1_25' title="bbox 996 1752 1454 2080">
     <span class='ocr_line' id='line_1_51' title="bbox 1044 1752 1344 1784; baseline 0 -1"><span class='ocrx_word' id='word_1_176' title='bbox 1044 1752 1176 1784; x_wconf 75' lang='lat' dir='ltr'>Leviter</span> <span class='ocrx_word' id='word_1_177' title='bbox 1202 1752 1344 1784; x_wconf 88' lang='lat' dir='ltr'>transire</span> 
     </span>
     <span class='ocr_line' id='line_1_52' title="bbox 997 1800 1326 1838; baseline -0.003 -6"><span class='ocrx_word' id='word_1_178' title='bbox 997 1801 1035 1833; x_wconf 89' lang='lat' dir='ltr'>In</span> <span class='ocrx_word' id='word_1_179' title='bbox 1064 1801 1162 1833; x_wconf 90' lang='lat' dir='ltr'>rebus</span> <span class='ocrx_word' id='word_1_180' title='bbox 1190 1800 1326 1838; x_wconf 79' lang='lat' dir='ltr'>deificis,</span> 
     </span>
     <span class='ocr_line' id='line_1_53' title="bbox 1043 1849 1427 1892; baseline 0 -10"><span class='ocrx_word' id='word_1_181' title='bbox 1043 1850 1145 1890; x_wconf 84' lang='lat' dir='ltr'>Quam</span> <span class='ocrx_word' id='word_1_182' title='bbox 1173 1850 1251 1891; x_wconf 90' lang='lat' dir='ltr'>quid</span> <span class='ocrx_word' id='word_1_183' title='bbox 1280 1849 1427 1892; x_wconf 83' lang='lat' dir='ltr'>definire,</span> 
     </span>
     <span class='ocr_line' id='line_1_54' title="bbox 996 1898 1395 1940; baseline 0.003 -10"><span class='ocrx_word' id='word_1_184' title='bbox 996 1898 1047 1930; x_wconf 84' lang='lat' dir='ltr'>Ne</span> <span class='ocrx_word' id='word_1_185' title='bbox 1073 1903 1194 1940; x_wconf 85' lang='lat' dir='ltr'>queant</span> <span class='ocrx_word' id='word_1_186' title='bbox 1219 1899 1395 1931; x_wconf 89' lang='lat' dir='ltr'>haereticis</span> 
     </span>
     <span class='ocr_line' id='line_1_55' title="bbox 1047 1948 1383 1989; baseline 0.003 -9"><span class='ocrx_word' id='word_1_187' title='bbox 1047 1948 1159 1980; x_wconf 89' lang='lat' dir='ltr'>Nostri</span> <span class='ocrx_word' id='word_1_188' title='bbox 1187 1949 1383 1989; x_wconf 64' lang='lat' dir='ltr'>consentire,</span> 
     </span>
     <span class='ocr_line' id='line_1_56' title="bbox 997 1996 1329 2039; baseline 0.003 -11"><span class='ocrx_word' id='word_1_189' title='bbox 997 1996 1110 2037; x_wconf 89' lang='lat' dir='ltr'>Sitque</span> <span class='ocrx_word' id='word_1_190' title='bbox 1136 1997 1329 2039; x_wconf 83' lang='lat' dir='ltr'>theologicis</span> 
     </span>
     <span class='ocr_line' id='line_1_57' title="bbox 1046 2045 1454 2080; baseline 0.007 -3"><span class='ocrx_word' id='word_1_191' title='bbox 1046 2046 1194 2078; x_wconf 87' lang='lat' dir='ltr'>iudicare</span> <span class='ocrx_word' id='word_1_192' title='bbox 1217 2045 1315 2078; x_wconf 79' lang='lat' dir='ltr'>facile</span> <span class='ocrx_word' id='word_1_193' title='bbox 1341 2047 1381 2079; x_wconf 90' lang='lat' dir='ltr'>de</span> <span class='ocrx_word' id='word_1_194' title='bbox 1408 2056 1454 2080; x_wconf 89' lang='lat' dir='ltr'>re.</span> 
     </span>
    </p>
   </div>
   <div class='ocr_carea' id='block_1_16' title="bbox 965 2150 1448 2194">
    <p class='ocr_par' dir='ltr' id='par_1_26' title="bbox 965 2150 1448 2194">
     <span class='ocr_line' id='line_1_58' title="bbox 965 2150 1448 2194; baseline 0.002 -8"><span class='ocrx_word' id='word_1_195' title='bbox 965 2179 972 2186; x_wconf 92' lang='lat'><strong>.</strong></span> <span class='ocrx_word' id='word_1_196' title='bbox 1000 2150 1126 2194; x_wconf 76' lang='lat' dir='ltr'>Regem</span> <span class='ocrx_word' id='word_1_197' title='bbox 1151 2153 1257 2186; x_wconf 90' lang='lat' dir='ltr'>Deum</span> <span class='ocrx_word' id='word_1_198' title='bbox 1284 2155 1448 2188; x_wconf 88' lang='lat' dir='ltr'>credimus</span> 
     </span>
    </p>
   </div>
   <div class='ocr_carea' id='block_1_17' title="bbox 1000 2202 1550 2540">
    <p class='ocr_par' dir='ltr' id='par_1_27' title="bbox 1000 2202 1550 2540">
     <span class='ocr_line' id='line_1_59' title="bbox 1047 2202 1430 2248; baseline 0.008 -14"><span class='ocrx_word' id='word_1_199' title='bbox 1047 2202 1183 2235; x_wconf 89' lang='lat' dir='ltr'>Trinum</span> <span class='ocrx_word' id='word_1_200' title='bbox 1208 2203 1242 2235; x_wconf 88' lang='lat' dir='ltr'>in</span> <span class='ocrx_word' id='word_1_201' title='bbox 1270 2205 1430 2248; x_wconf 86' lang='lat' dir='ltr'>personis,</span> 
     </span>
     <span class='ocr_line' id='line_1_60' title="bbox 1000 2251 1458 2291; baseline 0.011 -10"><span class='ocrx_word' id='word_1_202' title='bbox 1000 2251 1102 2290; x_wconf 85' lang='lat' dir='ltr'>Quem</span> <span class='ocrx_word' id='word_1_203' title='bbox 1129 2261 1283 2291; x_wconf 87' lang='lat' dir='ltr'>praeesse</span> <span class='ocrx_word' id='word_1_204' title='bbox 1309 2254 1458 2286; x_wconf 90' lang='lat' dir='ltr'>novimus</span> 
     </span>
     <span class='ocr_line' id='line_1_61' title="bbox 1051 2300 1405 2342; baseline 0.008 -11"><span class='ocrx_word' id='word_1_205' title='bbox 1051 2300 1149 2332; x_wconf 87' lang='lat' dir='ltr'>Malis</span> <span class='ocrx_word' id='word_1_206' title='bbox 1176 2306 1273 2342; x_wconf 87' lang='lat' dir='ltr'>atque</span> <span class='ocrx_word' id='word_1_207' title='bbox 1300 2301 1405 2342; x_wconf 89' lang='lat' dir='ltr'>bonis,</span> 
     </span>
     <span class='ocr_line' id='line_1_62' title="bbox 1002 2348 1451 2390; baseline 0.011 -10"><span class='ocrx_word' id='word_1_208' title='bbox 1002 2348 1215 2390; x_wconf 87' lang='lat' dir='ltr'>Nequaquam</span> <span class='ocrx_word' id='word_1_209' title='bbox 1243 2352 1451 2385; x_wconf 85' lang='lat' dir='ltr'>concedimus</span> 
     </span>
     <span class='ocr_line' id='line_1_63' title="bbox 1050 2397 1462 2445; baseline 0.01 -15"><span class='ocrx_word' id='word_1_210' title='bbox 1050 2397 1132 2430; x_wconf 90' lang='lat' dir='ltr'>Tres</span> <span class='ocrx_word' id='word_1_211' title='bbox 1159 2399 1238 2431; x_wconf 88' lang='lat' dir='ltr'>deos</span> <span class='ocrx_word' id='word_1_212' title='bbox 1264 2400 1298 2432; x_wconf 89' lang='lat' dir='ltr'>in</span> <span class='ocrx_word' id='word_1_213' title='bbox 1323 2401 1462 2445; x_wconf 90' lang='lat' dir='ltr'>thronis,</span> 
     </span>
     <span class='ocr_line' id='line_1_64' title="bbox 1001 2446 1378 2488; baseline 0.013 -10"><span class='ocrx_word' id='word_1_214' title='bbox 1001 2446 1067 2479; x_wconf 87' lang='lat' dir='ltr'>Sed</span> <span class='ocrx_word' id='word_1_215' title='bbox 1094 2447 1184 2480; x_wconf 87' lang='lat' dir='ltr'>Deus</span> <span class='ocrx_word' id='word_1_216' title='bbox 1210 2452 1260 2480; x_wconf 84' lang='lat' dir='ltr'>est</span> <span class='ocrx_word' id='word_1_217' title='bbox 1285 2459 1378 2488; x_wconf 84' lang='lat' dir='ltr'>unus,</span> 
     </span>
     <span class='ocr_line' id='line_1_65' title="bbox 1053 2494 1550 2540; baseline 0.012 -12"><span class='ocrx_word' id='word_1_218' title='bbox 1053 2494 1275 2540; x_wconf 81' lang='lat' dir='ltr'>ang(e)lorum</span> <span class='ocrx_word' id='word_1_219' title='bbox 1303 2500 1432 2532; x_wconf 83' lang='lat' dir='ltr'>canitur</span> <span class='ocrx_word' id='word_1_220' title='bbox 1449 2501 1550 2535; x_wconf 91' lang='lat' dir='ltr'>sonis.</span> 
     </span>
    </p>
   </div>
  </div>
 </body>
</html>
