1650 2727
160 1394 191 1423 {L

163 2423 193 2457 1.

670 125 913 161 -54-

218 223 369 257 Christus
395 224 437 256 ad
464 224 543 256 celsi

268 273 424 305 remeavit
451 273 592 306 culmina
618 273 711 306 caeli.

179 370 184 375 .
215 341 334 374 Coetus
359 342 560 382 apostolicus

265 390 377 424 divino
404 390 489 422 lacte
517 394 648 431 potatus

218 439 386 472 Dividitur
408 439 518 471 multis

269 489 407 521 diversis
434 489 582 529 partibus
608 486 707 519 orbis.

184 584 190 590 .
219 559 262 589 At
295 558 421 590 Petrus.
450 555 607 588 ecclesiae

267 607 447 647 praelatus,
474 606 507 637 in
534 605 739 637 Antiochena

217 655 345 687 Multas
373 654 510 686 virtutes

269 703 345 735 fecit
374 714 411 734 ac.
439 703 548 735 dando
574 702 695 735 salutes

219 752 372 785 Pluribus
398 753 539 792 aegrotis

266 801 410 833 tenebris
447 811 464 833 a
493 800 591 832 corde
618 798 760 832 remotis,

336 917 546 952 Responsoria.

185 1008 191 1014 .
220 983 298 1014 Cum
326 981 418 1021 plebs
446 982 613 1012 innumera

270 1030 376 1072 simul,
403 1034 439 1060 ut
466 1029 623 1061 miracula
650 1039 726 1062 vera

218 1079 357 1111 Viserct.
386 1077 536 1109 afflueret

266 1136 321 1159 seu
332 1127 417 1167 quod
429 1126 530 1166 magis
540 1126 617 1158 inde
628 1127 763 1167 vigeret7

218 1176 374 1216 Contigit,
403 1175 539 1206 accessit

268 1224 481 1260 Theodosius,
508 1224 619 1256 accola
647 1225 738 1262 οἰνίε,

184 1300 191 1306 .
221 1273 405 1305 Nobilitate
432 1273 553 1310 cluens,

270 1330 402 1362 operum
423 1322 544 1352 virtute
561 1318 762 1364 [re]sulgens.

221 1390 283 1422 Hie
309 1389 422 1421 Danae
448 1389 548 1429 geniti

267 1446 442 1479 generosae
469 1437 570 1476 prolis
596 1435 728 1468 habenti

219 1487 338 1520 Natum
366 1495 400 1518 se
426 1486 541 1525 iunxit,

269 1544 364 1575 quam
382 1543 471 1566 more
489 1543 546 1565 suo
565 1533 628 1565 sibi
648 1533 763 1572 iunxit,

221 1584 291 1622 Qua
317 1583 460 1615 subolem
489 1582 598 1622 genuit

358 1658 365 1665 .
397 1632 445 1663 cia
464 1631 622 1663 Domnius
648 1630 762 1670 inquit.

185 1707 192 1714 .
221 1680 406 1713 Praestanti
434 1681 547 1719 forma,

273 1729 330 1761 sed
352 1729 471 1761 Christi
499 1731 612 1768 postea
638 1737 762 1760 norma.

191 1824 196 1830 .
226 1798 352 1837 Quippe
377 1806 452 1828 suus
479 1797 606 1836 genitor

275 1846 361 1877 velut
380 1845 473 1877 almis
493 1844 633 1877 cultibus
652 1848 765 1876 auctor

219 1895 356 1928 Munere
383 1898 518 1926 naturae

269 1944 355 1975 vitae
381 1943 538 1982 spirando
565 1940 694 1973 futurae

220 1992 274 2025 Ad
303 1991 476 2024 Dominum
503 1991 606 2022 saltus

272 2040 371 2073 dabat
400 2043 431 2070 et
458 2039 625 2080 gentiliter
648 2039 745 2079 altus,

219 2090 279 2129 Qui
307 2087 378 2121 fons
406 2093 453 2120 est
482 2088 566 2120 vitae

270 2138 394 2170 cunctis
421 2138 490 2168 sine
509 2136 572 2169 fine
591 2136 762 2176 petendae.

248 2275 294 2307 In
331 2276 363 2307 2.
401 2273 638 2308 Nocturno.

346 2341 547 2376 Antiphonae.

222 2421 396 2455 Praedicat
418 2426 453 2453 nt
480 2421 568 2462 plebi

272 2470 406 2504 verbum
424 2471 542 2503 Petrus
559 2479 617 2502 ore
629 2470 765 2513 tonanti,

833 459 865 491 3⁰

824 1303 864 1335 V.

837 1439 869 1471 2.

824 1964 862 1997 V.

839 2324 870 2357 1.

894 224 1012 256 Audiit
1037 229 1182 255 attentus

944 281 1048 313 neque
1061 272 1172 304 mundi
1189 271 1346 310 compede
1356 273 1465 302 tentus

895 321 1099 362 Discipulum
1127 320 1250 353 Christi

943 370 1039 410 petiit
1063 368 1124 402 sub
1151 373 1298 409 tempore
1323 368 1441 402 noctis,

894 457 992 490 Cuius
1020 457 1169 490 doctrina

946 506 1083 538 rutilans
1111 505 1234 545 pietate
1257 512 1399 544 superna

896 554 1045 587 Credidit
1071 555 1103 586 in
1131 553 1261 586 Christo

947 603 1066 636 devota
1092 606 1199 635 mente
1226 601 1404 642 sequendo.

861 715 868 722 .
894 691 939 724 Ut
963 689 1042 722 fidei
1068 690 1234 722 lavacrum

943 743 1078 779 tangens
1097 738 1222 778 sprevit
1239 739 1463 779 simulacrum,

895 787 1053 820 Domnius
1080 792 1110 818 et
1137 789 1242 819 mater

942 835 1023 867 fiunt
1048 835 1235 875 pariterque
1261 835 1385 869 fideles.

1036 940 1249 976 Responsoria.

862 1035 869 1043 .
895 1008 1007 1044 Aurea
1033 1019 1158 1049 gemma
1184 1009 1252 1040 solo

944 1059 1035 1090 sidus
1062 1057 1232 1090 radiabilis
1259 1057 1359 1097 caelo,

899 1104 1028 1145 Domni,
1057 1108 1111 1147 qui
1139 1105 1277 1145 resides,

946 1165 1039 1196 quom
1067 1156 1139 1187 tulit
1167 1155 1251 1187 alma
1279 1153 1371 1195 tides,

896 1201 1069 1238 Auxiliare
1097 1205 1159 1235 tuis

945 1254 1042 1285 solita
1069 1254 1191 1292 pietate
1218 1253 1388 1290 ministris,

892 1299 1105 1342 Magnifieare
1132 1307 1186 1333 tua

947 1351 1075 1382 valeant
1102 1355 1136 1382 ut
1159 1349 1243 1382 festa
1262 1359 1322 1390 per
1339 1349 1465 1382 aethra.

896 1438 956 1478 Qui
984 1446 1065 1477 puer
1091 1442 1197 1469 aetate

946 1486 1003 1518 sed
1031 1485 1146 1517 mentis
1173 1485 1346 1518 nobilitate

898 1534 1010 1567 Celsus
1036 1534 1226 1574 apostolicis

945 1583 1111 1623 copulavit
1136 1592 1172 1614 se
1198 1582 1411 1622 documentis,

898 1632 1016 1664 Potans
1043 1641 1061 1663 a
1088 1641 1200 1672 puero,

948 1681 1067 1712 vomuit
1096 1690 1178 1721 quae
1201 1685 1313 1720 postea
1332 1680 1464 1714 mundo.

863 1794 870 1801 .
898 1769 965 1800 Iam
992 1767 1069 1800 fidei
1098 1767 1214 1808 plenus

946 1817 1055 1850 studio
1085 1818 1198 1848 Petrus
1225 1816 1448 1848 Antiochenus

896 1866 993 1898 Visus
1019 1864 1100 1908 (est)
1127 1866 1220 1897 adire
1247 1865 1383 1897 Romam

945 1918 1107 1955 gestorum
1141 1913 1240 1946 laude
1273 1911 1467 1958 sonora[m]‚

895 1963 1017 1995 Luceat
1043 1966 1077 1994 ut
1103 1963 1257 2004 princeps

948 2022 967 2044 a
993 2012 1098 2052 prima
1129 2011 1200 2044 luce
1229 2012 1396 2052 deinceps,

953 2157 998 2188 In
1034 2158 1066 2190 3.
1104 2157 1343 2190 Nocturno.

1047 2234 1247 2271 Antiphonae.

896 2322 1055 2356 Domnius
1081 2333 1100 2356 a
1126 2324 1254 2356 seniore
1282 2323 1380 2358 Petro

948 2373 1105 2405 suadente
1131 2374 1288 2414 magistro

899 2421 995 2454 Venit
1023 2422 1220 2455 Dalmatiam

947 2471 1087 2504 Domino
1113 2471 1253 2504 ducente
1278 2471 1446 2508 Salonam.
