<?xml version="1.0" encoding="UTF-8"?>
<!DOCTYPE html PUBLIC "-//W3C//DTD XHTML 1.0 Transitional//EN"
    "http://www.w3.org/TR/xhtml1/DTD/xhtml1-transitional.dtd">
<html xmlns="http://www.w3.org/1999/xhtml" xml:lang="en" lang="en">
 <head>
  <title>
</title>
<meta http-equiv="Content-Type" content="text/html;charset=utf-8" />
  <meta name='ocr-system' content='tesseract 3.04.00' />
  <meta name='ocr-capabilities' content='ocr_page ocr_carea ocr_par ocr_line ocrx_word'/>
</head>
<body>
  <div class='ocr_page' id='page_1' title='image "./analectahymnica45drevuoft/analectahymnica45drevuoft_0279.png"; bbox 0 0 1650 2727; ppageno 0'>
   <div class='ocr_carea' id='block_1_1' title="bbox 639 221 685 252">
    <p class='ocr_par' dir='ltr' id='par_1_1' title="bbox 639 221 685 252">
     <span class='ocr_line' id='line_1_1' title="bbox 639 221 685 252; baseline 0 -1"><span class='ocrx_word' id='word_1_1' title='bbox 639 221 685 252; x_wconf 86' lang='grc'><strong>78.</strong></span> 
     </span>
    </p>
   </div>
   <div class='ocr_carea' id='block_1_2' title="bbox 177 309 579 587">
    <p class='ocr_par' dir='ltr' id='par_1_2' title="bbox 177 309 579 587">
     <span class='ocr_line' id='line_1_2' title="bbox 177 309 539 350; baseline -0.011 -6"><span class='ocrx_word' id='word_1_2' title='bbox 177 312 208 344; x_wconf 94' lang='grc'><strong>1.</strong></span> <span class='ocrx_word' id='word_1_3' title='bbox 238 310 394 343; x_wconf 83' lang='lat' dir='ltr'>Sollemni</span> <span class='ocrx_word' id='word_1_4' title='bbox 421 309 539 350; x_wconf 85' lang='lat' dir='ltr'><strong>gaudio</strong></span> 
     </span>
     <span class='ocr_line' id='line_1_3' title="bbox 238 358 543 391; baseline -0.003 -1"><span class='ocrx_word' id='word_1_5' title='bbox 238 359 285 391; x_wconf 90' lang='lat' dir='ltr'><strong>Sit</strong></span> <span class='ocrx_word' id='word_1_6' title='bbox 313 362 408 390; x_wconf 76' lang='lat' dir='ltr'><strong>aucta</strong></span> <span class='ocrx_word' id='word_1_7' title='bbox 435 358 543 390; x_wconf 88' lang='lat' dir='ltr'><strong>contio</strong></span> 
     </span>
     <span class='ocr_line' id='line_1_4' title="bbox 284 407 447 440; baseline -0.012 0"><span class='ocrx_word' id='word_1_8' title='bbox 284 407 447 440; x_wconf 80' lang='lat' dir='ltr'><strong>Fidelium</strong></span> 
     </span>
     <span class='ocr_line' id='line_1_5' title="bbox 236 454 579 499; baseline -0.009 -10"><span class='ocrx_word' id='word_1_9' title='bbox 236 457 290 489; x_wconf 85' lang='lat' dir='ltr'><strong>Ad</strong></span> <span class='ocrx_word' id='word_1_10' title='bbox 320 456 408 497; x_wconf 85' lang='lat' dir='ltr'>digni</span> <span class='ocrx_word' id='word_1_11' title='bbox 446 454 579 499; x_wconf 84' lang='lat' dir='ltr'><strong>[titulis]</strong></span> 
     </span>
     <span class='ocr_line' id='line_1_6' title="bbox 239 504 573 545; baseline -0.012 -6"><span class='ocrx_word' id='word_1_12' title='bbox 239 505 390 538; x_wconf 71' lang='lat' dir='ltr'>Sollonne</span> <span class='ocrx_word' id='word_1_13' title='bbox 412 504 573 545; x_wconf 85' lang='lat' dir='ltr'><strong>praesulis</strong></span> 
     </span>
     <span class='ocr_line' id='line_1_7' title="bbox 287 555 510 587; baseline -0.004 0"><span class='ocrx_word' id='word_1_14' title='bbox 287 555 510 587; x_wconf 83' lang='lat' dir='ltr'>Praeconium.</span> 
     </span>
    </p>
   </div>
   <div class='ocr_carea' id='block_1_3' title="bbox 179 641 596 919">
    <p class='ocr_par' dir='ltr' id='par_1_3' title="bbox 179 641 596 781">
     <span class='ocr_line' id='line_1_8' title="bbox 179 641 596 683; baseline -0.01 -7"><span class='ocrx_word' id='word_1_15' title='bbox 179 643 213 676; x_wconf 88' lang='lat'><strong>2.</strong></span> <span class='ocrx_word' id='word_1_16' title='bbox 241 641 447 674; x_wconf 81' lang='lat' dir='ltr'>Praecedant</span> <span class='ocrx_word' id='word_1_17' title='bbox 475 641 596 683; x_wconf 83' lang='lat' dir='ltr'><strong>clerici,</strong></span> 
     </span>
     <span class='ocr_line' id='line_1_9' title="bbox 242 690 527 724; baseline -0.011 0"><span class='ocrx_word' id='word_1_18' title='bbox 242 691 425 724; x_wconf 76' lang='lat' dir='ltr'>Succedunt</span> <span class='ocrx_word' id='word_1_19' title='bbox 452 690 527 723; x_wconf 86' lang='lat' dir='ltr'><strong>laici</strong></span> 
     </span>
     <span class='ocr_line' id='line_1_10' title="bbox 286 739 458 781; baseline -0.006 -9"><span class='ocrx_word' id='word_1_20' title='bbox 286 739 458 781; x_wconf 87' lang='lat' dir='ltr'><strong>Tripudio,</strong></span> 
     </span>
    </p>

    <p class='ocr_par' dir='ltr' id='par_1_4' title="bbox 241 788 591 919">
     <span class='ocr_line' id='line_1_11' title="bbox 242 788 466 829; baseline -0.009 -7"><span class='ocrx_word' id='word_1_21' title='bbox 242 790 311 829; x_wconf 81' lang='lat' dir='ltr'><strong>Ope</strong></span> <span class='ocrx_word' id='word_1_22' title='bbox 340 788 466 820; x_wconf 80' lang='lat' dir='ltr'><strong>Nicolai</strong></span> 
     </span>
     <span class='ocr_line' id='line_1_12' title="bbox 241 836 591 871; baseline -0.009 0"><span class='ocrx_word' id='word_1_23' title='bbox 241 839 416 871; x_wconf 72' lang='lat' dir='ltr'>Poscentes</span> <span class='ocrx_word' id='word_1_24' title='bbox 443 847 477 869; x_wconf 84' lang='lat' dir='ltr'><strong>se</strong></span> <span class='ocrx_word' id='word_1_25' title='bbox 505 836 591 869; x_wconf 85' lang='lat' dir='ltr'><strong>trahi</strong></span> 
     </span>
     <span class='ocr_line' id='line_1_13' title="bbox 289 886 470 919; baseline 0 0"><span class='ocrx_word' id='word_1_26' title='bbox 289 887 337 919; x_wconf 90' lang='lat' dir='ltr'><strong>De</strong></span> <span class='ocrx_word' id='word_1_27' title='bbox 365 886 470 919; x_wconf 89' lang='lat' dir='ltr'>devio.</span> 
     </span>
    </p>
   </div>
   <div class='ocr_carea' id='block_1_4' title="bbox 727 128 1060 254">
    <p class='ocr_par' dir='ltr' id='par_1_5' title="bbox 727 128 1060 254">
     <span class='ocr_line' id='line_1_14' title="bbox 735 128 972 164; baseline 0 -12"><span class='ocrx_word' id='word_1_28' title='bbox 735 147 777 152; x_wconf 84' lang='lat'><strong>..</strong></span> <span class='ocrx_word' id='word_1_29' title='bbox 830 128 878 164; x_wconf 75' lang='lat'><strong>64</strong></span> <span class='ocrx_word' id='word_1_30' title='bbox 929 147 972 152; x_wconf 79' lang='grc'>-</span> 
     </span>
     <span class='ocr_line' id='line_1_15' title="bbox 727 220 1060 254; baseline 0.003 -3"><span class='ocrx_word' id='word_1_31' title='bbox 727 220 770 252; x_wconf 80' lang='lat' dir='ltr'><strong>De</strong></span> <span class='ocrx_word' id='word_1_32' title='bbox 793 224 904 254; x_wconf 77' lang='lat' dir='ltr'>saneto</span> <span class='ocrx_word' id='word_1_33' title='bbox 925 221 1060 254; x_wconf 79' lang='lat' dir='ltr'><strong>Nieoluo.</strong></span> 
     </span>
    </p>
   </div>
   <div class='ocr_carea' id='block_1_5' title="bbox 883 313 1279 586">
    <p class='ocr_par' dir='ltr' id='par_1_6' title="bbox 883 313 1279 586">
     <span class='ocr_line' id='line_1_16' title="bbox 883 313 1279 355; baseline -0.008 -8"><span class='ocrx_word' id='word_1_34' title='bbox 883 315 916 347; x_wconf 81' lang='lat'><strong>3.</strong></span> <span class='ocrx_word' id='word_1_35' title='bbox 943 314 973 345; x_wconf 87' lang='lat' dir='ltr'>A</span> <span class='ocrx_word' id='word_1_36' title='bbox 1000 318 1104 345; x_wconf 88' lang='lat' dir='ltr'>morte</span> <span class='ocrx_word' id='word_1_37' title='bbox 1131 313 1279 355; x_wconf 84' lang='lat' dir='ltr'><strong>clericos,</strong></span> 
     </span>
     <span class='ocr_line' id='line_1_17' title="bbox 943 361 1208 393; baseline 0 0"><span class='ocrx_word' id='word_1_38' title='bbox 943 363 973 393; x_wconf 84' lang='lat' dir='ltr'>A</span> <span class='ocrx_word' id='word_1_39' title='bbox 998 361 1081 393; x_wconf 83' lang='lat' dir='ltr'><strong>mari</strong></span> <span class='ocrx_word' id='word_1_40' title='bbox 1105 361 1208 393; x_wconf 81' lang='lat' dir='ltr'><strong>laicos</strong></span> 
     </span>
     <span class='ocr_line' id='line_1_18' title="bbox 992 408 1126 449; baseline -0.015 -8"><span class='ocrx_word' id='word_1_41' title='bbox 992 408 1126 449; x_wconf 87' lang='lat' dir='ltr'><strong>Eripuit</strong></span> 
     </span>
     <span class='ocr_line' id='line_1_19' title="bbox 945 456 1229 489; baseline -0.004 0"><span class='ocrx_word' id='word_1_42' title='bbox 945 457 989 489; x_wconf 84' lang='lat' dir='ltr'><strong>Et</strong></span> <span class='ocrx_word' id='word_1_43' title='bbox 1015 456 1126 488; x_wconf 82' lang='lat' dir='ltr'><strong>multis</strong></span> <span class='ocrx_word' id='word_1_44' title='bbox 1152 456 1229 488; x_wconf 84' lang='lat' dir='ltr'><strong>aliis</strong></span> 
     </span>
     <span class='ocr_line' id='line_1_20' title="bbox 946 505 1226 545; baseline -0.004 -9"><span class='ocrx_word' id='word_1_45' title='bbox 946 505 1037 537; x_wconf 88' lang='lat' dir='ltr'>Idem</span> <span class='ocrx_word' id='word_1_46' title='bbox 1066 505 1226 545; x_wconf 84' lang='lat' dir='ltr'><strong>prodigiis</strong></span> 
     </span>
     <span class='ocr_line' id='line_1_21' title="bbox 995 553 1150 586; baseline 0.006 -1"><span class='ocrx_word' id='word_1_47' title='bbox 995 553 1150 586; x_wconf 84' lang='lat' dir='ltr'><strong>Emicuit.</strong></span> 
     </span>
    </p>
   </div>
   <div class='ocr_carea' id='block_1_6' title="bbox 884 639 1338 919">
    <p class='ocr_par' dir='ltr' id='par_1_7' title="bbox 884 639 1338 919">
     <span class='ocr_line' id='line_1_22' title="bbox 884 639 1338 678; baseline -0.002 -4"><span class='ocrx_word' id='word_1_48' title='bbox 884 643 918 674; x_wconf 88' lang='lat'><strong>4.</strong></span> <span class='ocrx_word' id='word_1_49' title='bbox 951 640 994 673; x_wconf 89' lang='lat' dir='ltr'><strong>Ut</strong></span> <span class='ocrx_word' id='word_1_50' title='bbox 1020 649 1072 672; x_wconf 88' lang='lat' dir='ltr'><strong>res</strong></span> <span class='ocrx_word' id='word_1_51' title='bbox 1099 639 1180 672; x_wconf 85' lang='lat' dir='ltr'>haec</span> <span class='ocrx_word' id='word_1_52' title='bbox 1205 641 1338 678; x_wconf 78' lang='lat' dir='ltr'><strong>clareat,</strong></span> 
     </span>
     <span class='ocr_line' id='line_1_23' title="bbox 946 689 1290 722; baseline 0 0"><span class='ocrx_word' id='word_1_53' title='bbox 946 690 1013 722; x_wconf 84' lang='lat' dir='ltr'><strong>Iam</strong></span> <span class='ocrx_word' id='word_1_54' title='bbox 1041 690 1146 722; x_wconf 87' lang='lat' dir='ltr'>lector</span> <span class='ocrx_word' id='word_1_55' title='bbox 1171 689 1290 722; x_wconf 85' lang='lat' dir='ltr'><strong>subeat</strong></span> 
     </span>
     <span class='ocr_line' id='line_1_24' title="bbox 995 737 1122 777; baseline -0.008 -6"><span class='ocrx_word' id='word_1_56' title='bbox 995 737 1122 777; x_wconf 85' lang='lat' dir='ltr'><strong>Officio,</strong></span> 
     </span>
     <span class='ocr_line' id='line_1_25' title="bbox 946 787 1277 828; baseline 0.003 -9"><span class='ocrx_word' id='word_1_57' title='bbox 946 787 996 819; x_wconf 91' lang='lat' dir='ltr'><strong>De</strong></span> <span class='ocrx_word' id='word_1_58' title='bbox 1022 788 1091 820; x_wconf 84' lang='lat' dir='ltr'><strong>vita</strong></span> <span class='ocrx_word' id='word_1_59' title='bbox 1117 788 1277 828; x_wconf 83' lang='lat' dir='ltr'><strong>praesulis</strong></span> 
     </span>
     <span class='ocr_line' id='line_1_26' title="bbox 945 833 1240 877; baseline 0 -9"><span class='ocrx_word' id='word_1_60' title='bbox 945 837 1072 869; x_wconf 87' lang='lat' dir='ltr'><strong>Audita</strong></span> <span class='ocrx_word' id='word_1_61' title='bbox 1097 833 1240 877; x_wconf 60' lang='lat' dir='ltr'><strong>populis*</strong></span> 
     </span>
     <span class='ocr_line' id='line_1_27' title="bbox 995 885 1178 919; baseline 0.005 -1"><span class='ocrx_word' id='word_1_62' title='bbox 995 885 1043 918; x_wconf 90' lang='lat' dir='ltr'><strong>Sit</strong></span> <span class='ocrx_word' id='word_1_63' title='bbox 1069 885 1178 919; x_wconf 86' lang='lat' dir='ltr'>lectio.</span> 
     </span>
    </p>
   </div>
   <div class='ocr_carea' id='block_1_7' title="bbox 605 973 982 1015">
    <p class='ocr_par' dir='ltr' id='par_1_8' title="bbox 605 973 982 1015">
     <span class='ocr_line' id='line_1_28' title="bbox 605 973 982 1015; baseline -0.003 -9"><span class='ocrx_word' id='word_1_64' title='bbox 605 974 659 1006; x_wconf 83' lang='lat' dir='ltr'><strong>R⁰</strong></span> <span class='ocrx_word' id='word_1_65' title='bbox 689 973 833 1007; x_wconf 89' lang='lat' dir='ltr'>Sollenni</span> <span class='ocrx_word' id='word_1_66' title='bbox 862 973 982 1015; x_wconf 86' lang='lat' dir='ltr'><strong>gaudio</strong></span> 
     </span>
    </p>
   </div>
   <div class='ocr_carea' id='block_1_8' title="bbox 687 1022 1112 1055">
    <p class='ocr_par' dir='ltr' id='par_1_9' title="bbox 687 1022 1112 1055">
     <span class='ocr_line' id='line_1_29' title="bbox 687 1022 1112 1055; baseline -0.002 0"><span class='ocrx_word' id='word_1_67' title='bbox 687 1022 737 1055; x_wconf 86' lang='lat' dir='ltr'><strong>Sit</strong></span> <span class='ocrx_word' id='word_1_68' title='bbox 764 1027 861 1055; x_wconf 85' lang='lat' dir='ltr'><strong>aucta</strong></span> <span class='ocrx_word' id='word_1_69' title='bbox 885 1023 967 1055; x_wconf 85' lang='lat' dir='ltr'>haec</span> <span class='ocrx_word' id='word_1_70' title='bbox 993 1024 1112 1055; x_wconf 87' lang='lat' dir='ltr'><strong>contio.</strong></span> 
     </span>
    </p>
   </div>
   <div class='ocr_carea' id='block_1_9' title="bbox 259 1106 1530 1138">
    <p class='ocr_par' dir='ltr' id='par_1_10' title="bbox 259 1106 1530 1138">
     <span class='ocr_line' id='line_1_30' title="bbox 259 1106 1530 1138; baseline -0.002 0"><span class='ocrx_word' id='word_1_71' title='bbox 259 1111 381 1138; x_wconf 61' lang='lat' dir='ltr'><strong>collect.</strong></span> <span class='ocrx_word' id='word_1_72' title='bbox 404 1120 457 1137; x_wconf 77' lang='lat' dir='ltr'><strong>ms.</strong></span> <span class='ocrx_word' id='word_1_73' title='bbox 480 1111 606 1138; x_wconf 81' lang='lat' dir='ltr'><strong>Lirense</strong></span> <span class='ocrx_word' id='word_1_74' title='bbox 627 1119 703 1138; x_wconf 78' lang='lat' dir='ltr'>saec.</span> <span class='ocrx_word' id='word_1_75' title='bbox 730 1107 771 1137; x_wconf 90' lang='lat'><strong>13.</strong></span> <span class='ocrx_word' id='word_1_76' title='bbox 795 1110 867 1138; x_wconf 87' lang='lat' dir='ltr'>Cod.</span> <span class='ocrx_word' id='word_1_77' title='bbox 891 1109 1049 1137; x_wconf 82' lang='lat' dir='ltr'>Ebroicen.</span> <span class='ocrx_word' id='word_1_78' title='bbox 1077 1109 1100 1137; x_wconf 90' lang='grc'><strong>1.</strong></span> <span class='ocrx_word' id='word_1_79' title='bbox 1124 1109 1190 1136; x_wconf 87' lang='lat' dir='ltr'>add.</span> <span class='ocrx_word' id='word_1_80' title='bbox 1214 1118 1291 1137; x_wconf 84' lang='lat' dir='ltr'>saec.</span> <span class='ocrx_word' id='word_1_81' title='bbox 1315 1106 1360 1137; x_wconf 87' lang='lat'><strong>13.</strong></span> <span class='ocrx_word' id='word_1_82' title='bbox 1383 1110 1440 1137; x_wconf 83' lang='lat' dir='ltr'><strong>Mit</strong></span> <span class='ocrx_word' id='word_1_83' title='bbox 1461 1108 1530 1137; x_wconf 85' lang='lat' dir='ltr'>Mel.</span> 
     </span>
    </p>
   </div>
   <div class='ocr_carea' id='block_1_10' title="bbox 176 1149 575 1181">
    <p class='ocr_par' dir='ltr' id='par_1_11' title="bbox 176 1149 575 1181">
     <span class='ocr_line' id='line_1_31' title="bbox 176 1149 575 1181; baseline -0.005 -4"><span class='ocrx_word' id='word_1_84' title='bbox 176 1165 212 1169; x_wconf 98' lang='lat'><strong>—</strong></span> <span class='ocrx_word' id='word_1_85' title='bbox 236 1149 263 1181; x_wconf 79' lang='grc'><strong>4,</strong></span> <span class='ocrx_word' id='word_1_86' title='bbox 288 1150 299 1177; x_wconf 94' lang='lat' dir='ltr'>l</span> <span class='ocrx_word' id='word_1_87' title='bbox 325 1159 371 1176; x_wconf 83' lang='lat' dir='ltr'><strong>res</strong></span> <span class='ocrx_word' id='word_1_88' title='bbox 393 1159 428 1177; x_wconf 86' lang='lat' dir='ltr'><strong>ex</strong></span> <span class='ocrx_word' id='word_1_89' title='bbox 451 1150 575 1176; x_wconf 74' lang='lat' dir='ltr'>clareat.</span> 
     </span>
    </p>
   </div>
   <div class='ocr_carea' id='block_1_11' title="bbox 644 1245 690 1277">
    <p class='ocr_par' dir='ltr' id='par_1_12' title="bbox 644 1245 690 1277">
     <span class='ocr_line' id='line_1_32' title="bbox 644 1245 690 1277; baseline -0.065 0"><span class='ocrx_word' id='word_1_90' title='bbox 644 1245 690 1277; x_wconf 75' lang='lat'><strong>79.</strong></span> 
     </span>
    </p>
   </div>
   <div class='ocr_carea' id='block_1_12' title="bbox 182 1337 680 1468">
    <p class='ocr_par' dir='ltr' id='par_1_13' title="bbox 182 1337 680 1468">
     <span class='ocr_line' id='line_1_33' title="bbox 182 1337 566 1376; baseline -0.008 -6"><span class='ocrx_word' id='word_1_91' title='bbox 182 1339 211 1370; x_wconf 91' lang='lat'><strong>1.</strong></span> <span class='ocrx_word' id='word_1_92' title='bbox 241 1337 396 1370; x_wconf 84' lang='lat' dir='ltr'><strong>Nicolaus</strong></span> <span class='ocrx_word' id='word_1_93' title='bbox 424 1337 566 1376; x_wconf 70' lang='lat' dir='ltr'>mentm,</span> 
     </span>
     <span class='ocr_line' id='line_1_34' title="bbox 239 1385 680 1425; baseline -0.002 -6"><span class='ocrx_word' id='word_1_94' title='bbox 239 1386 370 1419; x_wconf 73' lang='lat' dir='ltr'><strong>Laudet</strong></span> <span class='ocrx_word' id='word_1_95' title='bbox 396 1386 505 1418; x_wconf 73' lang='lat' dir='ltr'><strong>omnis</strong></span> <span class='ocrx_word' id='word_1_96' title='bbox 530 1385 680 1425; x_wconf 74' lang='lat' dir='ltr'><strong>spiritus,</strong></span> 
     </span>
     <span class='ocr_line' id='line_1_35' title="bbox 242 1434 622 1468; baseline -0.008 0"><span class='ocrx_word' id='word_1_97' title='bbox 242 1436 362 1468; x_wconf 80' lang='lat' dir='ltr'><strong>Factus</strong></span> <span class='ocrx_word' id='word_1_98' title='bbox 390 1439 439 1466; x_wconf 84' lang='lat' dir='ltr'><strong>est</strong></span> <span class='ocrx_word' id='word_1_99' title='bbox 467 1434 622 1467; x_wconf 84' lang='lat' dir='ltr'><strong>divinitus</strong></span> 
     </span>
    </p>
   </div>
   <div class='ocr_carea' id='block_1_13' title="bbox 292 1483 685 1523">
    <p class='ocr_par' dir='ltr' id='par_1_14' title="bbox 292 1483 685 1523">
     <span class='ocr_line' id='line_1_36' title="bbox 292 1483 685 1523; baseline -0.005 -7"><span class='ocrx_word' id='word_1_100' title='bbox 292 1484 424 1516; x_wconf 69' lang='lat' dir='ltr'><strong>Praesul</strong></span> <span class='ocrx_word' id='word_1_101' title='bbox 452 1493 522 1516; x_wconf 87' lang='lat' dir='ltr'><strong>cum</strong></span> <span class='ocrx_word' id='word_1_102' title='bbox 550 1483 685 1523; x_wconf 66' lang='lat' dir='ltr'><strong>laetitia,</strong></span> 
     </span>
    </p>
   </div>
   <div class='ocr_carea' id='block_1_14' title="bbox 241 1532 682 1614">
    <p class='ocr_par' dir='ltr' id='par_1_15' title="bbox 241 1532 682 1614">
     <span class='ocr_line' id='line_1_37' title="bbox 241 1532 660 1573; baseline -0.002 -9"><span class='ocrx_word' id='word_1_103' title='bbox 241 1533 365 1564; x_wconf 80' lang='lat' dir='ltr'>Laudet</span> <span class='ocrx_word' id='word_1_104' title='bbox 395 1534 498 1564; x_wconf 86' lang='lat' dir='ltr'><strong>omnis</strong></span> <span class='ocrx_word' id='word_1_105' title='bbox 525 1532 660 1573; x_wconf 85' lang='lat' dir='ltr'><strong>spiritus</strong></span> 
     </span>
     <span class='ocr_line' id='line_1_38' title="bbox 293 1581 682 1614; baseline 0.003 -1"><span class='ocrx_word' id='word_1_106' title='bbox 293 1581 534 1614; x_wconf 83' lang='lat' dir='ltr'>Gubernantem</span> <span class='ocrx_word' id='word_1_107' title='bbox 563 1581 682 1614; x_wconf 87' lang='lat' dir='ltr'><strong>omnia.</strong></span> 
     </span>
    </p>
   </div>
   <div class='ocr_carea' id='block_1_15' title="bbox 181 1678 625 1717">
    <p class='ocr_par' dir='ltr' id='par_1_16' title="bbox 181 1678 625 1717">
     <span class='ocr_line' id='line_1_39' title="bbox 181 1678 625 1717; baseline -0.007 -5"><span class='ocrx_word' id='word_1_108' title='bbox 181 1681 213 1712; x_wconf 83' lang='lat'><strong>2.</strong></span> <span class='ocrx_word' id='word_1_109' title='bbox 243 1679 330 1712; x_wconf 87' lang='lat' dir='ltr'>Grex</span> <span class='ocrx_word' id='word_1_110' title='bbox 359 1684 429 1711; x_wconf 84' lang='lat' dir='ltr'>erat</span> <span class='ocrx_word' id='word_1_111' title='bbox 456 1678 625 1717; x_wconf 79' lang='lat' dir='ltr'><strong>sollicitus,</strong></span> 
     </span>
    </p>
   </div>
   <div class='ocr_carea' id='block_1_16' title="bbox 242 1727 686 1767">
    <p class='ocr_par' dir='ltr' id='par_1_17' title="bbox 242 1727 686 1767">
     <span class='ocr_line' id='line_1_40' title="bbox 242 1727 686 1767; baseline 0.002 -8"><span class='ocrx_word' id='word_1_112' title='bbox 242 1727 377 1760; x_wconf 79' lang='lat' dir='ltr'><strong>Laudet</strong></span> <span class='ocrx_word' id='word_1_113' title='bbox 403 1728 511 1760; x_wconf 74' lang='lat' dir='ltr'><strong>omnis</strong></span> <span class='ocrx_word' id='word_1_114' title='bbox 536 1727 686 1767; x_wconf 78' lang='lat' dir='ltr'><strong>spiritus,</strong></span> 
     </span>
    </p>
   </div>
   <div class='ocr_carea' id='block_1_17' title="bbox 242 1775 683 1955">
    <p class='ocr_par' dir='ltr' id='par_1_18' title="bbox 242 1775 664 1912">
     <span class='ocr_line' id='line_1_41' title="bbox 242 1775 648 1816; baseline -0.002 -7"><span class='ocrx_word' id='word_1_115' title='bbox 242 1778 342 1816; x_wconf 82' lang='lat' dir='ltr'><strong>Quem</strong></span> <span class='ocrx_word' id='word_1_116' title='bbox 370 1777 514 1816; x_wconf 87' lang='lat' dir='ltr'><strong>pastoris</strong></span> <span class='ocrx_word' id='word_1_117' title='bbox 541 1775 648 1808; x_wconf 82' lang='lat' dir='ltr'><strong>obitus</strong></span> 
     </span>
     <span class='ocr_line' id='line_1_42' title="bbox 281 1824 638 1863; baseline -0.006 -6"><span class='ocrx_word' id='word_1_118' title='bbox 281 1826 437 1857; x_wconf 83' lang='lat' dir='ltr'>Laeserat</span> <span class='ocrx_word' id='word_1_119' title='bbox 464 1824 638 1863; x_wconf 76' lang='lat' dir='ltr'><strong>maestitia,</strong></span> 
     </span>
     <span class='ocr_line' id='line_1_43' title="bbox 244 1873 664 1912; baseline 0 -7"><span class='ocrx_word' id='word_1_120' title='bbox 244 1873 373 1905; x_wconf 83' lang='lat' dir='ltr'>Laudet</span> <span class='ocrx_word' id='word_1_121' title='bbox 400 1875 503 1905; x_wconf 83' lang='lat' dir='ltr'><strong>omnis</strong></span> <span class='ocrx_word' id='word_1_122' title='bbox 530 1873 664 1912; x_wconf 85' lang='lat' dir='ltr'><strong>spiritus</strong></span> 
     </span>
    </p>

    <p class='ocr_par' dir='ltr' id='par_1_19' title="bbox 294 1921 683 1955">
     <span class='ocr_line' id='line_1_44' title="bbox 294 1921 683 1955; baseline 0 0"><span class='ocrx_word' id='word_1_123' title='bbox 294 1921 537 1955; x_wconf 80' lang='lat' dir='ltr'><strong>Guberuantem</strong></span> <span class='ocrx_word' id='word_1_124' title='bbox 565 1922 683 1955; x_wconf 84' lang='lat' dir='ltr'><strong>omnia.</strong></span> 
     </span>
    </p>
   </div>
   <div class='ocr_carea' id='block_1_18' title="bbox 734 1243 1070 1276">
    <p class='ocr_par' dir='ltr' id='par_1_20' title="bbox 734 1243 1070 1276">
     <span class='ocr_line' id='line_1_45' title="bbox 734 1243 1070 1276; baseline 0.006 -3"><span class='ocrx_word' id='word_1_125' title='bbox 734 1244 774 1274; x_wconf 71' lang='lat' dir='ltr'><strong>De</strong></span> <span class='ocrx_word' id='word_1_126' title='bbox 797 1246 909 1276; x_wconf 82' lang='lat' dir='ltr'>sancto</span> <span class='ocrx_word' id='word_1_127' title='bbox 932 1243 1070 1275; x_wconf 72' lang='lat' dir='ltr'><strong>Nienlao.</strong></span> 
     </span>
    </p>
   </div>
   <div class='ocr_carea' id='block_1_19' title="bbox 891 1335 1392 1614">
    <p class='ocr_par' dir='ltr' id='par_1_21' title="bbox 891 1335 1392 1476">
     <span class='ocr_line' id='line_1_46' title="bbox 891 1335 1345 1374; baseline -0.004 -4"><span class='ocrx_word' id='word_1_128' title='bbox 891 1338 923 1370; x_wconf 88' lang='lat'><strong>3.</strong></span> <span class='ocrx_word' id='word_1_129' title='bbox 953 1336 1022 1368; x_wconf 82' lang='lat' dir='ltr'><strong>Vox</strong></span> <span class='ocrx_word' id='word_1_130' title='bbox 1050 1335 1169 1368; x_wconf 86' lang='lat' dir='ltr'><strong>emissa</strong></span> <span class='ocrx_word' id='word_1_131' title='bbox 1198 1337 1345 1374; x_wconf 85' lang='lat' dir='ltr'><strong>caelitus,</strong></span> 
     </span>
     <span class='ocr_line' id='line_1_47' title="bbox 948 1385 1392 1428; baseline 0.002 -11"><span class='ocrx_word' id='word_1_132' title='bbox 948 1385 1083 1418; x_wconf 78' lang='lat' dir='ltr'><strong>Laudet</strong></span> <span class='ocrx_word' id='word_1_133' title='bbox 1109 1385 1217 1418; x_wconf 80' lang='lat' dir='ltr'><strong><em>omm&#39;s</em></strong></span> <span class='ocrx_word' id='word_1_134' title='bbox 1243 1385 1392 1428; x_wconf 76' lang='lat' dir='ltr'><strong>spiritus,</strong></span> 
     </span>
     <span class='ocr_line' id='line_1_48' title="bbox 950 1434 1313 1476; baseline 0.003 -10"><span class='ocrx_word' id='word_1_135' title='bbox 950 1435 1055 1476; x_wconf 86' lang='lat' dir='ltr'><strong>Viam,</strong></span> <span class='ocrx_word' id='word_1_136' title='bbox 1083 1434 1177 1476; x_wconf 84' lang='lat' dir='ltr'>dixit,</span> <span class='ocrx_word' id='word_1_137' title='bbox 1204 1435 1313 1467; x_wconf 84' lang='lat' dir='ltr'><strong>aditus</strong></span> 
     </span>
    </p>

    <p class='ocr_par' dir='ltr' id='par_1_22' title="bbox 950 1483 1386 1614">
     <span class='ocr_line' id='line_1_49' title="bbox 998 1483 1329 1525; baseline 0 -9"><span class='ocrx_word' id='word_1_138' title='bbox 998 1483 1116 1516; x_wconf 87' lang='lat' dir='ltr'>Serves</span> <span class='ocrx_word' id='word_1_139' title='bbox 1145 1484 1329 1525; x_wconf 81' lang='lat' dir='ltr'><strong>vigilantia3</strong></span> 
     </span>
     <span class='ocr_line' id='line_1_50' title="bbox 950 1532 1370 1574; baseline 0 -10"><span class='ocrx_word' id='word_1_140' title='bbox 950 1533 1077 1564; x_wconf 85' lang='lat' dir='ltr'>Laudet</span> <span class='ocrx_word' id='word_1_141' title='bbox 1105 1533 1208 1564; x_wconf 85' lang='lat' dir='ltr'><strong>omnis</strong></span> <span class='ocrx_word' id='word_1_142' title='bbox 1235 1532 1370 1574; x_wconf 85' lang='lat' dir='ltr'><strong>spiritus</strong></span> 
     </span>
     <span class='ocr_line' id='line_1_51' title="bbox 995 1581 1386 1614; baseline 0.003 -1"><span class='ocrx_word' id='word_1_143' title='bbox 995 1581 1241 1614; x_wconf 83' lang='lat' dir='ltr'><strong>Gubernautem</strong></span> <span class='ocrx_word' id='word_1_144' title='bbox 1268 1582 1386 1614; x_wconf 85' lang='lat' dir='ltr'><strong>omnia.</strong></span> 
     </span>
    </p>
   </div>
   <div class='ocr_carea' id='block_1_20' title="bbox 890 1678 1409 1959">
    <p class='ocr_par' dir='ltr' id='par_1_23' title="bbox 890 1678 1409 1821">
     <span class='ocr_line' id='line_1_52' title="bbox 890 1678 1409 1722; baseline 0.004 -13"><span class='ocrx_word' id='word_1_145' title='bbox 890 1683 921 1713; x_wconf 85' lang='lat'><strong>4.</strong></span> <span class='ocrx_word' id='word_1_146' title='bbox 949 1680 1009 1719; x_wconf 87' lang='lat' dir='ltr'><strong>Qui</strong></span> <span class='ocrx_word' id='word_1_147' title='bbox 1036 1678 1190 1720; x_wconf 83' lang='lat' dir='ltr'>praefore</span> <span class='ocrx_word' id='word_1_148' title='bbox 1216 1680 1409 1722; x_wconf 74' lang='lat' dir='ltr'><strong>praescitus,</strong></span> 
     </span>
     <span class='ocr_line' id='line_1_53' title="bbox 948 1728 1393 1771; baseline 0.004 -11"><span class='ocrx_word' id='word_1_149' title='bbox 948 1728 1082 1761; x_wconf 78' lang='lat' dir='ltr'><strong>Laudet</strong></span> <span class='ocrx_word' id='word_1_150' title='bbox 1108 1730 1219 1763; x_wconf 78' lang='lat' dir='ltr'><strong>omnis</strong></span> <span class='ocrx_word' id='word_1_151' title='bbox 1244 1729 1393 1771; x_wconf 76' lang='lat' dir='ltr'><strong>spiritus,</strong></span> 
     </span>
     <span class='ocr_line' id='line_1_54' title="bbox 951 1776 1315 1821; baseline 0.005 -11"><span class='ocrx_word' id='word_1_152' title='bbox 951 1776 1139 1810; x_wconf 76' lang='lat' dir='ltr'>praeferret</span> <span class='ocrx_word' id='word_1_153' title='bbox 1165 1778 1315 1821; x_wconf 80' lang='lat' dir='ltr'><strong>intuitus,</strong></span> 
     </span>
    </p>

    <p class='ocr_par' dir='ltr' id='par_1_24' title="bbox 951 1826 1392 1959">
     <span class='ocr_line' id='line_1_55' title="bbox 1000 1826 1340 1870; baseline 0.012 -13"><span class='ocrx_word' id='word_1_154' title='bbox 1000 1826 1155 1859; x_wconf 81' lang='lat' dir='ltr'>Deferret</span> <span class='ocrx_word' id='word_1_155' title='bbox 1182 1828 1340 1870; x_wconf 80' lang='lat' dir='ltr'><strong>insignia3</strong></span> 
     </span>
     <span class='ocr_line' id='line_1_56' title="bbox 951 1875 1370 1918; baseline 0.005 -12"><span class='ocrx_word' id='word_1_156' title='bbox 951 1875 1077 1907; x_wconf 79' lang='lat' dir='ltr'><strong>Laudet</strong></span> <span class='ocrx_word' id='word_1_157' title='bbox 1104 1877 1208 1909; x_wconf 89' lang='lat' dir='ltr'><strong>omnis</strong></span> <span class='ocrx_word' id='word_1_158' title='bbox 1234 1877 1370 1918; x_wconf 86' lang='lat' dir='ltr'><strong>spiritus</strong></span> 
     </span>
     <span class='ocr_line' id='line_1_57' title="bbox 1001 1923 1392 1959; baseline 0.008 -4"><span class='ocrx_word' id='word_1_159' title='bbox 1001 1923 1248 1958; x_wconf 82' lang='lat' dir='ltr'>Gubernantem</span> <span class='ocrx_word' id='word_1_160' title='bbox 1274 1926 1392 1959; x_wconf 87' lang='lat' dir='ltr'><strong>omnia.</strong></span> 
     </span>
    </p>
   </div>
   <div class='ocr_carea' id='block_1_21' title="bbox 597 2018 1101 2149">
    <p class='ocr_par' dir='ltr' id='par_1_25' title="bbox 597 2018 1101 2149">
     <span class='ocr_line' id='line_1_58' title="bbox 597 2018 957 2060; baseline 0 -10"><span class='ocrx_word' id='word_1_161' title='bbox 597 2021 629 2050; x_wconf 80' lang='lat'><strong>5.</strong></span> <span class='ocrx_word' id='word_1_162' title='bbox 663 2018 806 2060; x_wconf 80' lang='lat' dir='ltr'><strong>Vigilate</strong></span> <span class='ocrx_word' id='word_1_163' title='bbox 832 2020 957 2059; x_wconf 86' lang='lat' dir='ltr'><strong>solitus,</strong></span> 
     </span>
     <span class='ocr_line' id='line_1_59' title="bbox 659 2067 1101 2108; baseline 0.007 -9"><span class='ocrx_word' id='word_1_164' title='bbox 659 2067 793 2099; x_wconf 81' lang='lat' dir='ltr'><strong>Laudet</strong></span> <span class='ocrx_word' id='word_1_165' title='bbox 818 2069 927 2100; x_wconf 78' lang='lat' dir='ltr'><strong>omnis</strong></span> <span class='ocrx_word' id='word_1_166' title='bbox 951 2068 1101 2108; x_wconf 73' lang='lat' dir='ltr'><strong>spiritus,</strong></span> 
     </span>
     <span class='ocr_line' id='line_1_60' title="bbox 660 2116 1087 2149; baseline 0.002 -1"><span class='ocrx_word' id='word_1_167' title='bbox 660 2116 715 2148; x_wconf 81' lang='lat' dir='ltr'><strong>Sic</strong></span> <span class='ocrx_word' id='word_1_168' title='bbox 741 2119 791 2146; x_wconf 83' lang='lat' dir='ltr'><strong>est</strong></span> <span class='ocrx_word' id='word_1_169' title='bbox 816 2120 929 2148; x_wconf 82' lang='lat' dir='ltr'><strong>sancta</strong></span> <span class='ocrx_word' id='word_1_170' title='bbox 957 2116 1087 2149; x_wconf 85' lang='lat' dir='ltr'><strong>deditus</strong></span> 
     </span>
    </p>
   </div>
   <div class='ocr_carea' id='block_1_22' title="bbox 708 2163 1086 2205">
    <p class='ocr_par' dir='ltr' id='par_1_26' title="bbox 708 2163 1086 2205">
     <span class='ocr_line' id='line_1_61' title="bbox 708 2163 1086 2205; baseline 0.008 -10"><span class='ocrx_word' id='word_1_171' title='bbox 708 2163 842 2196; x_wconf 82' lang='lat' dir='ltr'><strong>Praesul</strong></span> <span class='ocrx_word' id='word_1_172' title='bbox 869 2165 902 2197; x_wconf 88' lang='lat' dir='ltr'><strong>in</strong></span> <span class='ocrx_word' id='word_1_173' title='bbox 929 2164 1068 2198; x_wconf 81' lang='lat' dir='ltr'><strong>ecclesia</strong></span> <span class='ocrx_word' id='word_1_174' title='bbox 1079 2177 1086 2205; x_wconf 78' lang='lat'><em>3</em></span> 
     </span>
    </p>
   </div>
   <div class='ocr_carea' id='block_1_23' title="bbox 658 2212 1080 2254">
    <p class='ocr_par' dir='ltr' id='par_1_27' title="bbox 658 2212 1080 2254">
     <span class='ocr_line' id='line_1_62' title="bbox 658 2212 1080 2254; baseline 0.005 -10"><span class='ocrx_word' id='word_1_175' title='bbox 658 2212 788 2244; x_wconf 85' lang='lat' dir='ltr'><strong>Laudet</strong></span> <span class='ocrx_word' id='word_1_176' title='bbox 814 2213 918 2245; x_wconf 89' lang='lat' dir='ltr'><strong>omnis</strong></span> <span class='ocrx_word' id='word_1_177' title='bbox 944 2213 1080 2254; x_wconf 86' lang='lat' dir='ltr'><strong>spiritus</strong></span> 
     </span>
    </p>
   </div>
   <div class='ocr_carea' id='block_1_24' title="bbox 708 2259 1096 2296">
    <p class='ocr_par' dir='ltr' id='par_1_28' title="bbox 708 2259 1096 2296">
     <span class='ocr_line' id='line_1_63' title="bbox 708 2259 1096 2296; baseline 0.01 -4"><span class='ocrx_word' id='word_1_178' title='bbox 708 2259 951 2294; x_wconf 83' lang='lat' dir='ltr'>Gubernantem</span> <span class='ocrx_word' id='word_1_179' title='bbox 979 2263 1096 2296; x_wconf 83' lang='lat' dir='ltr'><strong>omnia.</strong></span> 
     </span>
    </p>
   </div>
   <div class='ocr_carea' id='block_1_25' title="bbox 189 2355 1541 2515">
    <p class='ocr_par' dir='ltr' id='par_1_29' title="bbox 189 2355 1541 2515">
     <span class='ocr_line' id='line_1_64' title="bbox 268 2355 1539 2401; baseline 0.004 -15"><span class='ocrx_word' id='word_1_180' title='bbox 268 2359 391 2388; x_wconf 83' lang='lat' dir='ltr'>Collect.</span> <span class='ocrx_word' id='word_1_181' title='bbox 421 2367 474 2385; x_wconf 80' lang='lat' dir='ltr'><strong>ms.</strong></span> <span class='ocrx_word' id='word_1_182' title='bbox 497 2357 622 2385; x_wconf 86' lang='lat' dir='ltr'><strong>Maioris</strong></span> <span class='ocrx_word' id='word_1_183' title='bbox 643 2357 821 2384; x_wconf 85' lang='lat' dir='ltr'><strong>Monasterii</strong></span> <span class='ocrx_word' id='word_1_184' title='bbox 849 2367 926 2386; x_wconf 88' lang='lat' dir='ltr'>saec.</span> <span class='ocrx_word' id='word_1_185' title='bbox 950 2355 1026 2385; x_wconf 79' lang='lat' dir='ltr'><strong>¹²³lu.</strong></span> <span class='ocrx_word' id='word_1_186' title='bbox 1047 2359 1119 2387; x_wconf 88' lang='lat' dir='ltr'>Cod.</span> <span class='ocrx_word' id='word_1_187' title='bbox 1140 2359 1290 2389; x_wconf 83' lang='lat' dir='ltr'>Turonen.</span> <span class='ocrx_word' id='word_1_188' title='bbox 1313 2361 1371 2391; x_wconf 87' lang='grc'><strong>615</strong></span> <span class='ocrx_word' id='word_1_189' title='bbox 1390 2363 1478 2401; x_wconf 86' lang='grc'>(927),</span> <span class='ocrx_word' id='word_1_190' title='bbox 1501 2380 1539 2385; x_wconf 83' lang='grc'><strong>-</strong></span> 
     </span>
     <span class='ocr_line' id='line_1_65' title="bbox 189 2394 1541 2435; baseline 0.005 -10"><span class='ocrx_word' id='word_1_191' title='bbox 189 2397 224 2430; x_wconf 80' lang='lat'><strong>3,</strong></span> <span class='ocrx_word' id='word_1_192' title='bbox 256 2398 271 2427; x_wconf 84' lang='lat'>1</span> <span class='ocrx_word' id='word_1_193' title='bbox 292 2399 356 2427; x_wconf 77' lang='lat' dir='ltr'><strong>Vos</strong></span> <span class='ocrx_word' id='word_1_194' title='bbox 385 2398 504 2425; x_wconf 86' lang='lat' dir='ltr'><strong>emissa.</strong></span> <span class='ocrx_word' id='word_1_195' title='bbox 528 2410 567 2414; x_wconf 98' lang='lat'><strong>—</strong></span> <span class='ocrx_word' id='word_1_196' title='bbox 586 2394 624 2428; x_wconf 80' lang='lat'><strong>4,</strong></span> <span class='ocrx_word' id='word_1_197' title='bbox 649 2394 662 2423; x_wconf 83' lang='lat'>1</span> <span class='ocrx_word' id='word_1_198' title='bbox 687 2396 745 2431; x_wconf 83' lang='lat' dir='ltr'><strong>Qui</strong></span> <span class='ocrx_word' id='word_1_199' title='bbox 772 2398 908 2432; x_wconf 79' lang='lat' dir='ltr'>praefore</span> <span class='ocrx_word' id='word_1_200' title='bbox 935 2398 1095 2433; x_wconf 85' lang='lat' dir='ltr'><strong>praesitus.</strong></span> <span class='ocrx_word' id='word_1_201' title='bbox 1116 2412 1154 2417; x_wconf 98' lang='lat'>—</span> <span class='ocrx_word' id='word_1_202' title='bbox 1176 2398 1238 2426; x_wconf 80' lang='lat' dir='ltr'><strong>Ans</strong></span> <span class='ocrx_word' id='word_1_203' title='bbox 1265 2401 1365 2430; x_wconf 76' lang='lat' dir='ltr'>dieser</span> <span class='ocrx_word' id='word_1_204' title='bbox 1386 2405 1441 2432; x_wconf 86' lang='lat' dir='ltr'><strong>Hs.</strong></span> <span class='ocrx_word' id='word_1_205' title='bbox 1463 2405 1541 2435; x_wconf 78' lang='lat' dir='ltr'><strong>auch</strong></span> 
     </span>
     <span class='ocr_line' id='line_1_66' title="bbox 191 2434 1541 2481; baseline 0.002 -14"><span class='ocrx_word' id='word_1_206' title='bbox 191 2439 240 2467; x_wconf 90' lang='lat' dir='ltr'><strong>bei</strong></span> <span class='ocrx_word' id='word_1_207' title='bbox 261 2437 442 2469; x_wconf 86' lang='lat' dir='ltr'>Luzarehes,</span> <span class='ocrx_word' id='word_1_208' title='bbox 463 2435 556 2464; x_wconf 86' lang='lat' dir='ltr'>Office</span> <span class='ocrx_word' id='word_1_209' title='bbox 577 2435 613 2462; x_wconf 86' lang='lat' dir='ltr'><strong>de</strong></span> <span class='ocrx_word' id='word_1_210' title='bbox 633 2434 763 2472; x_wconf 69' lang='lat' dir='ltr'><strong>PfiqueS,</strong></span> <span class='ocrx_word' id='word_1_211' title='bbox 786 2445 813 2471; x_wconf 90' lang='lat' dir='ltr'><strong>p.</strong></span> <span class='ocrx_word' id='word_1_212' title='bbox 835 2434 875 2464; x_wconf 84' lang='lat'><strong>42</strong></span> <span class='ocrx_word' id='word_1_213' title='bbox 895 2445 949 2473; x_wconf 65' lang='lat' dir='ltr'><strong>sq„</strong></span> <span class='ocrx_word' id='word_1_214' title='bbox 971 2437 1027 2464; x_wconf 81' lang='lat' dir='ltr'><strong>mit</strong></span> <span class='ocrx_word' id='word_1_215' title='bbox 1046 2436 1206 2474; x_wconf 83' lang='lat' dir='ltr'>folgenden</span> <span class='ocrx_word' id='word_1_216' title='bbox 1223 2439 1367 2469; x_wconf 76' lang='lat' dir='ltr'>Fehlem:</span> <span class='ocrx_word' id='word_1_217' title='bbox 1388 2442 1417 2476; x_wconf 84' lang='lat'><strong>4,</strong></span> <span class='ocrx_word' id='word_1_218' title='bbox 1443 2444 1457 2473; x_wconf 96' lang='grc'><strong>1</strong></span> <span class='ocrx_word' id='word_1_219' title='bbox 1480 2446 1541 2481; x_wconf 82' lang='lat' dir='ltr'><strong>Qui</strong></span> 
     </span>
     <span class='ocr_line' id='line_1_67' title="bbox 192 2473 1264 2515; baseline -0.002 -9"><span class='ocrx_word' id='word_1_220' title='bbox 192 2481 311 2515; x_wconf 85' lang='lat' dir='ltr'>pectore</span> <span class='ocrx_word' id='word_1_221' title='bbox 333 2478 457 2514; x_wconf 82' lang='lat' dir='ltr'><strong>positus.</strong></span> <span class='ocrx_word' id='word_1_222' title='bbox 479 2491 516 2495; x_wconf 97' lang='lat'><strong>—</strong></span> <span class='ocrx_word' id='word_1_223' title='bbox 539 2473 566 2507; x_wconf 82' lang='lat'><strong>5,</strong></span> <span class='ocrx_word' id='word_1_224' title='bbox 587 2473 606 2502; x_wconf 77' lang='lat'><strong>3</strong></span> <span class='ocrx_word' id='word_1_225' title='bbox 630 2477 676 2502; x_wconf 83' lang='lat' dir='ltr'><strong>est</strong></span> <span class='ocrx_word' id='word_1_226' title='bbox 697 2482 790 2502; x_wconf 74' lang='lat' dir='ltr'>sacra.</span> <span class='ocrx_word' id='word_1_227' title='bbox 813 2491 851 2495; x_wconf 80' lang='lat'><strong>—-</strong></span> <span class='ocrx_word' id='word_1_228' title='bbox 871 2474 899 2510; x_wconf 81' lang='lat'><strong>5,</strong></span> <span class='ocrx_word' id='word_1_229' title='bbox 920 2473 940 2502; x_wconf 87' lang='lat'>4</span> <span class='ocrx_word' id='word_1_230' title='bbox 960 2475 1086 2504; x_wconf 81' lang='lat' dir='ltr'><strong>Praesul</strong></span> <span class='ocrx_word' id='word_1_231' title='bbox 1108 2477 1140 2503; x_wconf 88' lang='lat' dir='ltr'><strong>in</strong></span> <span class='ocrx_word' id='word_1_232' title='bbox 1163 2477 1264 2512; x_wconf 78' lang='lat' dir='ltr'><strong>Lycia.</strong></span> 
     </span>
    </p>
   </div>
  </div>
 </body>
</html>
