1650 2727
706 190 969 226 —132—

241 289 305 322 Per
329 299 423 330 quem
449 294 525 322 sunt
552 294 664 331 gentes
908 290 940 324 2.
967 288 1057 329 Ergo
1082 287 1267 329 praefatum

291 337 420 372 Christo
447 339 612 371 credendo
638 342 783 372 renatae.
1015 337 1139 369 lustum
1164 345 1224 377 per
1249 335 1358 368 saecla
1378 333 1513 366 beatum

966 386 1103 419 Praeses
1132 385 1298 418 damnavit

1014 443 1074 466 nec
1109 444 1172 466 non
1206 433 1269 465 sibi
1304 431 1449 464 membra
1482 431 1522 463 li-

1223 481 1324 522 gavit,

970 530 1036 564 Sub
1063 532 1164 563 multo
1191 531 1324 571 plumbo

1015 579 1123 621 pelagi
1143 580 1223 612 dans
1242 579 1313 619 ipsa
1328 576 1514 618 profundo;

902 628 941 660 V.
970 628 1120 660 Prudens
1143 629 1205 660 iste
1232 628 1339 667 nimis,

1019 677 1094 709 dum
1122 678 1169 709 sic
1190 681 1358 717 pateretur
1376 675 1410 707 in
1430 674 1518 714 imis⁷

968 725 1141 758 Laudabat
1168 722 1275 758 Iesum

1015 777 1078 815 pro
1098 774 1209 807 mundi
1229 773 1364 805 crimine
1378 773 1516 804 laesum,

179 448 212 480 2.
241 446 279 478 In
303 451 416 478 sancto
441 450 571 479 sanctus

289 495 354 526 iam
383 496 490 528 Iustus
522 500 630 527 monte
656 494 806 536 quiescit,

241 544 271 576 A
299 544 429 576 Christo
455 544 594 577 Domino

289 592 343 632 qui
354 602 514 633 nunquam
529 592 627 624 corde
639 591 782 626 recessit,

181 701 214 733 3.
242 700 279 732 In
307 704 403 738 caput
432 699 524 731 huius
552 704 584 731 te

289 748 430 788 lapidem
458 757 615 779 summum
647 746 794 787 posuisti,
818 747 827 755 '

240 796 323 838 Iesu,
353 801 449 837 tuque
474 805 593 828 corona
623 796 683 826 sibi

288 845 431 885 pretiosa
457 843 558 876 fuisti.

909 891 939 922 3.
968 889 1115 922 Funibus
1142 893 1174 921 et
1200 889 1334 929 plumbo

1014 937 1137 970 Iustum
1151 946 1210 978 per
1220 937 1366 969 membra
1377 937 1514 978 ligatum

965 985 1016 1017 De
1041 987 1148 1027 pelagi
1176 985 1279 1018 fundo

357 1000 568 1035 Respsmsoria.

1014 1034 1110 1066 solvit
1138 1034 1236 1066 maris
1264 1034 1351 1066 unda
1368 1033 1513 1074 beatum,

184 1092 212 1121 i.
244 1089 417 1126 Postquam
446 1087 495 1118 vel
524 1095 646 1126 poenae
964 1082 1125 1123 Martyris
1153 1092 1229 1124 ergo
1256 1083 1316 1115 Dei

291 1136 340 1166 vel
370 1137 501 1176 sponsio
521 1135 608 1166 vocis
628 1142 783 1166 amoenae
1016 1131 1107 1164 dedit
1125 1141 1246 1172 aequor
1264 1131 1357 1171 signa
1372 1130 1514 1171 tropaei,

264 1186 301 1216 In
327 1190 473 1216 sanctum
502 1192 577 1215 vere
964 1180 1044 1214 Cum
1069 1190 1133 1213 non
1160 1185 1209 1212 est
1235 1180 1317 1212 tanti

314 1234 436 1265 Iustum
463 1242 526 1264 non
554 1231 778 1272 praevaluere,
1014 1225 1132 1272 [mare]
1194 1238 1326 1271 passum
1385 1227 1515 1259 vincula

263 1283 372 1322 Ipsum
401 1291 459 1322 per
486 1285 621 1312 mortem
1218 1278 1334 1309 sancti.

314 1330 378 1361 vult
389 1339 520 1370 praeses
528 1329 668 1368 perdere
681 1326 816 1369 fortem3
896 1325 935 1359 V.
964 1325 1190 1367 Praecipiente
1215 1327 1269 1367 pio

195 1380 235 1411 V.
263 1379 327 1410 Hic
353 1379 454 1410 solum
483 1378 647 1410 Christum
1013 1379 1089 1406 tunc
1116 1376 1221 1407 noetis
1249 1380 1396 1415 tempore
1423 1374 1514 1406 Iusto

314 1427 388 1466 quia
400 1427 612 1466 praedicatin
625 1424 829 1457 crucefixum
965 1423 1106 1456 Condita
1132 1429 1207 1455 sunt
1234 1424 1331 1463 digno

265 1478 373 1515 Atque
403 1475 464 1507 diis
491 1479 598 1505 terrae
1012 1481 1071 1503 sua
1115 1473 1211 1513 digne
1259 1471 1405 1503 membra
1448 1468 1511 1514 [se-

315 1524 489 1555 contemnit
516 1527 588 1554 tura
615 1521 749 1554 referre.
1218 1518 1360 1562 pulcro].

248 1648 371 1682 Antiph.
394 1658 447 1675 ms.
470 1648 655 1674 Civitatense
677 1654 753 1673 saec.
778 1644 822 1672 14.
845 1644 917 1673 Cod.
940 1644 1099 1673 civitaten.
1122 1646 1218 1673 LVII.
1239 1661 1278 1664 —
1300 1646 1363 1673 Das
1380 1646 1515 1673 Weitere

171 1688 260 1719 fehlt,
289 1688 326 1713 da
355 1687 448 1714 leider
475 1688 523 1713 ein
546 1686 626 1713 Blatt
654 1694 707 1712 aus
732 1685 783 1712 der
805 1685 859 1711 Hs.
881 1684 1009 1711 entt'emt
1030 1685 1160 1713 worden.
1204 1685 1351 1712 Dasselbe
1373 1684 1514 1712 Officium

167 1726 258 1753 findet
284 1726 346 1752 siah
377 1726 453 1753 auch
481 1727 511 1752 in
540 1725 597 1752 den
620 1726 694 1751 Acta
716 1724 767 1751 SS.
790 1724 865 1750 Nov.
888 1724 917 1755 Ι,
945 1721 1003 1750 430
1027 1732 1055 1750 u.
1071 1725 1110 1754 f..
1141 1725 1213 1751 aber
1235 1726 1266 1751 iu
1288 1725 1385 1751 einem
1407 1733 1440 1751 so
1458 1733 1512 1750 un-

166 1765 320 1792 heilharen
337 1765 494 1797 ZusUmde,
517 1764 582 1791 dass
608 1773 636 1790 :s
657 1763 740 1790 nicht
761 1762 869 1790 einmal
892 1762 1021 1798 mfiglich
1045 1772 1115 1797 war,
1136 1763 1183 1790 die
1203 1763 1362 1791 fehlenden
1379 1762 1516 1790 Laudes-

168 1804 360 1840 Antiphonen
387 1805 496 1831 (laraus
525 1812 560 1829 zu
589 1803 745 1836 erganzen.
790 1802 851 1829 Der
872 1802 947 1828 Text
977 1801 1115 1830 verdient
1135 1802 1311 1838 verglicheu
1333 1811 1371 1829 zu
1392 1802 1512 1829 werden

167 1844 212 1870 als
244 1843 424 1870 lehrreiches
455 1842 586 1878 Beispiel
613 1842 715 1874 dafdr,
747 1850 807 1868 was
835 1842 883 1868 ein
913 1840 1114 1869 Abschreiber
1144 1850 1198 1869 aus
1227 1843 1326 1869 einem
1352 1842 1446 1869 Texte
1475 1850 1513 1868 zu

166 1882 291 1909 macheu
315 1882 461 1910 imstande
484 1883 531 1909 ist.

564 2063 610 2095 53.
654 2064 696 2094 De
719 2071 741 2093 s.
765 2061 947 2094 Katharina
968 2062 1108 2094 Senensi.

309 2186 355 2218 In
384 2187 414 2219 1.
444 2184 666 2225 vesperis.
964 2182 1061 2216 Unde
1096 2184 1193 2216 sertis
1219 2188 1335 2216 ornata
1361 2185 1514 2226 plurimis

965 2232 1003 2264 In
1030 2234 1180 2273 supernis
1207 2231 1348 2274 refulget
1366 2234 1512 2268 sedibus.

357 2271 453 2309 Super
474 2271 619 2300 Psalmos.

1063 2309 1109 2337 Ad
1130 2309 1315 2347 Maguificat.

194 2374 235 2407 A.
264 2371 428 2412 Virginem
438 2368 810 2404 Katharinammaximis
898 2369 940 2403 A.
967 2368 1056 2408 Quae
1081 2369 1141 2401 sub
1169 2369 1245 2402 divo

262 2420 372 2454 Hodie
397 2428 590 2453 veneremur
614 2417 766 2450 laudibus
1016 2421 1112 2458 patre
1138 2418 1311 2451 Dominico

263 2471 351 2512 Quae
361 2470 486 2502 meritis
496 2468 623 2510 pollens
633 2466 841 2508 amplissimis
964 2466 1058 2498 Iussa.
1084 2467 1167 2500 caeli

265 2520 359 2553 Vitae
378 2519 439 2552 suit
457 2517 626 2558 exemplar
646 2516 807 2558 omnibus,
1016 2516 1192 2558 complevit
1217 2517 1337 2561 omnia,
