1650 2727
171 242 203 275 2.
230 240 445 280 Benedixisti,
477 240 626 273 Domine.

281 290 418 323 Catervo
443 294 498 321 tuo
525 290 606 328 viro,

232 339 331 379 Quem
358 337 535 371 voluntatis
561 342 635 370 tuae

279 387 450 421 coronasti
476 391 567 420 scuto
594 386 687 419 miro.

172 483 203 516 3,
232 480 337 521 Super
362 488 462 520 opera
489 489 638 513 manuum

280 529 495 568 Constituisti‚
524 528 672 569 Domine,

230 578 324 610 Hunc
351 577 505 610 famulum
533 581 620 608 tuum

279 628 452 660 Catervnm
479 625 626 657 mirifice.

346 733 556 769 Responsoria.

172 804 201 836 1.
231 803 361 834 Plebem
390 803 590 834 commissam
619 807 752 842 protege

232 852 316 889 Tibi,
345 852 483 883 Caterva
510 850 638 884 nobilis.

230 900 318 939 Quae
344 900 402 932 sub
430 903 485 931 tuo
512 899 667 939 regimine

232 948 437 980 Defendatur
463 949 495 979 in
521 947 654 987 proeliis

228 997 269 1029 Et
299 998 396 1029 ditari
424 996 584 1028 iuvamine

231 1045 346 1086 Sperat
375 1046 415 1077 de
442 1045 523 1077 caeli
550 1044 687 1085 gaudiis,

160 1095 198 1128 Υ.
228 1093 782 1136 Remove(cuncta)mala‚Domine,

230 1144 349 1175 Amore
376 1143 469 1174 huius
497 1142 618 1174 militis.

171 1238 205 1268 2.
234 1236 297 1267 Per
323 1240 355 1266 te
382 1240 484 1267 sumat
513 1236 698 1276 precamina

230 1284 350 1316 Nostra
378 1285 526 1317 Christus
554 1284 718 1324 piissimus

230 1333 274 1365 Et
301 1332 427 1365 auferat
455 1342 538 1364 nunc
567 1334 700 1364 crimina

229 1382 257 1413 A
285 1381 377 1413 nobis
404 1383 474 1422 ipse
501 1382 678 1422 Dominu53

230 1430 379 1466 Caterve,
411 1436 465 1462 tua
493 1431 598 1471 gralia

231 1479 336 1510 Tuere
362 1489 419 1511 nos
448 1479 602 1511 divinitus

160 1528 202 1560 V.
230 1527 273 1559 Et
300 1527 393 1559 nobis
421 1528 502 1559 caeli
529 1529 647 1567 gaudia

230 1575 308 1607 Cum
337 1577 490 1608 virtutum
518 1577 654 1608 victoria

231 1625 386 1665 Impetra,
414 1630 520 1666 pater,
549 1626 693 1657 caelitus.

168 1719 199 1751 3.
229 1718 326 1750 Placa
352 1727 449 1758 prece
474 1719 678 1751 altissimum.

232 1766 280 1798 Ne
307 1767 419 1808 puniat
446 1767 621 1799 iustissime

231 1815 310 1853 Nos,
337 1816 392 1855 qui
409 1816 583 1848 multorum
602 1816 771 1849 criminum

231 1863 413 1897 Gravamur
439 1874 554 1905 magno
580 1865 734 1906 pondere,

233 1912 275 1944 Et
300 1912 394 1945 nobis
421 1912 470 1946 fer
497 1914 651 1946 auxilium

233 1962 267 1993 In
294 1962 407 1994 ultimo
433 1962 591 1996 examine.

161 2012 202 2044 V.
229 2010 298 2043 Nos
323 2011 382 2042 sub
409 2017 497 2043 tuum
525 2011 723 2052 praesidium

231 2059 451 2100 Confugimus,
480 2065 513 2092 ut
540 2060 713 2092 Dominum

232 2108 348 2150 Reges,
376 2114 481 2149 pater,
508 2109 689 2151 piissimum

234 2158 295 2190 Pro
322 2157 426 2197 nobis,
454 2159 545 2189 miles
572 2158 693 2191 inclite.

261 2280 305 2312 ln
341 2279 372 2313 3.
409 2279 644 2314 Nocturno.

352 2357 551 2395 Antiphonae.

172 2440 202 2471 1.
230 2438 340 2472 Iustus
365 2443 397 2471 et
422 2438 495 2480 pius
523 2440 680 2473 Dominus

230 2488 354 2522 Iustum
382 2488 497 2522 dilexit
525 2488 689 2528 famulum2

930 237 980 270 De
1006 246 1069 278 quo
1095 236 1217 270 habent
1240 232 1424 279 superi[us]

930 287 1048 328 Angeli
1075 295 1225 327 magnum
1251 285 1417 326 gaudium.

871 385 904 417 2.
931 384 969 416 In
996 388 1051 416 tuo
1076 382 1288 416 tabernaculo

930 432 1103 465 Habitavit
1128 432 1180 463 hic
1206 431 1333 466 beatus,

930 481 1030 522 Deus,
1057 480 1112 521 qui
1139 486 1188 512 est
1214 479 1371 511 iustitiam

932 529 1103 563 Veraciter
1134 532 1298 570 operatus,

871 628 903 661 3.
930 626 981 658 De
1006 627 1152 667 pretioso
1177 625 1288 666 lapide

931 675 1110 708 Coronatus
1138 675 1169 706 in
1197 674 1301 716 gloria

931 723 1102 763 Catervus‚
1130 724 1222 755 cuins
1249 723 1345 754 hodie

931 772 1115 804 Recolimus
1146 772 1326 804 sollemnia.

1046 887 1258 922 Responsoria.

873 978 903 1009 1.
932 975 1139 1008 Gaudeamus
1165 975 1197 1007 in
1227 975 1364 1008 Domino

978 1024 1052 1056 Hoc
1079 1023 1196 1056 festum
1224 1024 1438 1059 celebrantes,

930 1073 1048 1105 Omnes
1075 1082 1145 1104 cum
1173 1081 1289 1113 magno
1315 1072 1416 1105 iubilo

977 1121 1142 1154 Christum
1169 1130 1277 1161 regem
1303 1122 1477 1154 laudantes

930 1170 972 1201 Et
1001 1179 1070 1201 cum
1096 1170 1219 1210 ingenti
1243 1169 1362 1210 gaudio

978 1219 1061 1250 Viva
1087 1227 1166 1251 voce
1191 1223 1373 1255 cantantes,

863 1267 900 1301 V.
929 1267 970 1300 Ut
998 1266 1038 1300 ab
1063 1268 1149 1299 omni
1174 1267 1321 1308 periculo

931 1315 1063 1349 Catervi
1096 1316 1277 1357 patrocinio

980 1365 1046 1397 Nos
1075 1364 1231 1398 defendat
1261 1370 1443 1406 precautes

870 1463 902 1496 2.
932 1462 995 1494 Pro
1023 1461 1161 1493 terrenis
1189 1462 1343 1494 caelestia

930 1510 1090 1542 Lucratur
1117 1510 1168 1542 hic
1195 1511 1432 1544 sanctissimus.

932 1558 994 1590 Pro
1021 1558 1151 1590 caducis
1178 1565 1209 1591 et
1239 1562 1385 1600 praemia

929 1607 1077 1640 Meretur
1102 1608 1194 1640 miles
1222 1608 1353 1640 inclitus

929 1657 1074 1688 Aeterna
1101 1663 1133 1688 et
1158 1657 1190 1688 in
1218 1657 1323 1697 gloria

927 1705 1069 1738 Locatus
1097 1705 1149 1737 hic
1177 1706 1344 1745 divinitus,

862 1753 901 1786 V.
925 1753 969 1785 Et
995 1754 1042 1786 sic
1069 1763 1211 1795 superna
1236 1755 1354 1795 gaudia

932 1802 994 1834 Per
1019 1803 1221 1835 saeculorum
1249 1804 1378 1836 saecula

931 1851 1081 1892 Adeptus
1108 1855 1157 1884 est
1183 1853 1343 1892 superius.

869 1949 901 1982 3.
930 1948 1028 1989 Regis
1054 1949 1178 1981 aeterni
1207 1948 1346 1981 famulus

930 1996 1061 2029 Plaudit
1088 1997 1120 2029 in
1148 1998 1215 2030 eius
1246 1999 1345 2033 curia,

930 2045 1098 2085 emen-us,
1126 2047 1217 2079 miles
1243 2047 1386 2087 inclitus,

930 2094 991 2126 Cui
1020 2094 1183 2127 donantur
1209 2105 1342 2128 munera

931 2143 1030 2183 Caeli,
1059 2147 1089 2175 et
1120 2147 1185 2176 stat
1211 2146 1360 2186 superius

929 2193 967 2224 Iu
993 2193 1180 2232 angelorum
1207 2194 1324 2234 patria.

860 2242 899 2275 V.
926 2241 989 2274 Hic
1015 2245 1062 2273 est
1089 2241 1182 2274 miles
1209 2244 1367 2282 egregius,

929 2290 1029 2330 Quem
1056 2292 1224 2323 coronavit
1252 2291 1408 2324 Dominus

931 2339 968 2372 In
994 2339 1141 2380 paradisi
1167 2340 1298 2381 gaudia.

871 2438 903 2471 4.
930 2436 1037 2478 Supra
1062 2442 1189 2479 petram
1216 2437 1436 2472 firmissimam

979 2487 1061 2520 Erat
1086 2486 1172 2520 enim
1200 2486 1366 2529 fundatus⁷
