1650 2727
668 136 932 171 —110—

198 236 285 272 Quos
315 239 502 266 sanctorum
528 233 611 267 festa
639 235 737 275 quina

202 281 421 314 Recensentes
447 283 499 315 lex
527 284 640 316 divina

250 330 353 363 Docet
381 333 428 363 sie
453 332 610 374 incipere.

264 488 306 520 In
345 489 374 522 1.
403 487 635 521 Nocturno.

350 575 548 610 Antiplwnae.

145 674 176 707 1.
204 674 233 706 A
261 673 460 706 Numeriano

201 722 339 754 caesare
367 723 510 754 Romano

250 771 387 802 Praeses
415 771 608 810 Aquilegiae

202 819 304 851 Datus
333 825 381 850 est
409 820 580 853 Baronius.

202 867 280 898 (um
311 867 427 899 effectu
454 868 582 907 plenius

254 916 378 948 Fautor
404 916 588 948 idolatriae.

148 1015 179 1045 2.
210 1013 365 1053 Regimen
394 1014 600 1054 episcopatus

250 1062 403 1093 Hellarus
430 1062 505 1094 dum
534 1064 661 1104 recipit,

205 1110 359 1142 Ordinem
390 1111 579 1144 diaconatus

251 1159 411 1190 Tru-ianus
440 1161 571 1201 accipit.

146 1260 176 1287 τ’.
205 1257 393 1295 iniquorum
423 1257 559 1288 verbera

255 1304 365 1336 Sancti
391 1315 453 1336 non
482 1306 632 1337 timentes

203 1353 395 1385 Meruerunt
422 1353 554 1385 aethera

252 1401 375 1433 Terrca
402 1407 605 1442 spernentes.

344 1518 555 1553 Responsoria.

172 1611 177 1616 .
208 1584 322 1626 fulget
350 1591 454 1618 mater
480 1588 617 1620 ecclesia

252 1634 366 1665 Tantis
395 1635 506 1667 dotata
533 1637 692 1677 patribus,

204 1683 263 1721 Qui
291 1687 364 1714 sunt
391 1684 422 1715 in
449 1685 622 1725 Aquilegia

252 1731 382 1772 Magnis
408 1734 549 1774 quinque
577 1734 771 1770 nominibus.

149 1779 168 1810 ⁷.
202 1780 288 1811 Dant
317 1781 369 1812 isti
398 1791 508 1822 pacem

256 1833 392 1860 mortem
401 1831 616 1871 mordentque
625 1833 821 1869 mordacem.

145 1930 175 1957 μ’.
205 1925 303 1957 Sacer
329 1926 546 1960 Monoffantus

205 1975 389 2014 Sacrilegos
416 1982 529 2008 cantus

251 2022 401 2056 Gentium
430 2026 578 2066 exemplo

203 2071 311 2104 Maior
337 2073 553 2115 ministrabat,

203 2121 288 2152 Deos
315 2121 473 2154 adorabat

255 2170 405 2202 Herculis
433 2172 464 2202 in
493 2173 626 2212 templo,

205 2219 302 2250 euius
328 2228 434 2260 poena
462 2220 563 2253 futilis

203 2267 310 2307 Opere
335 2269 494 2301 mirabilis

256 2316 295 2348 Et
324 2316 447 2350 famosa
474 2317 591 2351 fuerat.

149 2366 167 2398 '.
204 2366 356 2398 plurimis
382 2368 568 2400 numinibus

206 2414 320 2447 Multis
347 2415 427 2448 haec
455 2416 637 2450 hominibus

256 2465 350 2497 Necis
378 2475 507 2498 causam
535 2467 683 2500 dederat.

871 236 904 269 3.
932 235 1053 277 Plagis,
1080 235 1318 277 scorpionibus,

862 673 901 706 V.

929 284 1058 325 Flagris
1085 288 1117 316 et
1143 284 1338 317 carbonibus

979 333 1130 366 Membra
1155 334 1324 366 beatorum

929 381 1117 423 Feriuutur‚
1145 383 1321 414 laniantur.

930 429 1144 471 Affliguntur,
1171 432 1358 463 ustulantur

978 479 1072 512 More
1097 479 1331 520 pessimorum3

930 527 983 560 Sic
1009 529 1051 560 ad
1078 532 1167 560 astra
1193 532 1423 570 pervenerunt,

930 576 983 609 Sic
1010 582 1039 608 et
1073 586 1205 618 regnum
1234 578 1439 610 intraverunt

978 625 1073 658 Omni
1099 627 1230 666 plenum
1256 627 1386 667 gaudio.

928 674 1025 706 Tanti
1054 673 1106 706 fac
1131 675 1258 707 itineris

928 723 1099 762 Orphanos
1125 728 1156 756 et
1183 725 1326 756 muneris

977 771 1057 804 Frui
1085 771 1252 804 beneficio.

972 898 1014 929 In
1044 900 1074 931 2.
1104 898 1338 931 Nocturno.

1052 966 1252 1002 Antiphouae.

898 1069 904 1075 .
934 1045 1013 1076 Orat
1041 1045 1171 1084 praesul
1200 1054 1268 1076 cum
1298 1045 1425 1086 timore,

933 1094 1030 1132 Spem
1058 1094 1193 1133 apponit
1220 1094 1253 1126 iu
1281 1103 1391 1125 amore

981 1141 1131 1174 Liberari
1161 1143 1294 1182 cupiens

931 1192 961 1222 A
987 1190 1136 1231 profanis
1162 1192 1315 1230 inimicis,

932 1239 973 1272 Ut
1002 1243 1066 1271 tam
1094 1244 1162 1271 toto
1188 1249 1283 1280 quam
1310 1241 1342 1272 in
1373 1241 1466 1272 micis

978 1287 1048 1320 Deo
1074 1288 1116 1319 sit
1143 1289 1331 1321 oboediens

895 1390 902 1397 .
930 1366 1083 1398 Hellarus
1111 1367 1187 1399 dum
1207 1368 1373 1400 Christum
1400 1373 1471 1400 orat

931 1415 972 1446 Et
1000 1415 1200 1454 praesidium
1227 1416 1381 1457 implorat

978 1463 1100 1495 Mentis
1127 1473 1198 1496 cum
1226 1465 1356 1498 intuitu.

929 1512 1021 1544 Fana
1052 1513 1166 1552 templi
1192 1518 1267 1545 sunt
1294 1514 1474 1556 confracta,

932 1560 1012 1593 Sunt
1040 1561 1071 1592 in
1099 1562 1234 1600 nihilum
1262 1563 1395 1596 redacta

982 1608 1099 1641 Flante
1125 1615 1237 1642 sancto
1263 1612 1392 1652 spiritu.

895 1712 901 1719 .
930 1688 967 1719 In
993 1692 1100 1720 aetate
1125 1689 1258 1721 iuvenili

932 1737 1018 1768 Yicit
1044 1738 1154 1770 hostes
1181 1743 1210 1769 et
1238 1739 1331 1771 senili

981 1786 1094 1818 Cultus
1120 1792 1250 1827 spretor
1277 1790 1406 1830 veteris,

929 1834 1110 1867 Salvatoris
1136 1836 1291 1878 hysopus,

933 1883 1085 1916 Hellarus
1112 1885 1296 1926 episcopus,

979 1931 1102 1965 Doctus
1129 1933 1204 1970 fide,
1230 1934 1360 1970 litteris.

1047 2021 1258 2055 Responsoria.

893 2103 900 2110 .
929 2078 1086 2111 Pontifice
1114 2079 1208 2112 beato

976 2127 1150 2160 Dominum
1177 2135 1333 2170 precante

1028 2177 1105 2209 Ruit
1137 2179 1293 2219 templum
1321 2181 1475 2215 Herculis

929 2226 990 2258 Illo
1016 2224 1200 2269 profugato,

979 2275 1038 2314 Qui
1065 2280 1130 2307 tam
1157 2282 1231 2317 post
1257 2288 1352 2319 quam
1377 2284 1453 2313 ante

1026 2324 1171 2358 Mendax
1199 2330 1248 2358 est
1273 2328 1306 2360 in
1325 2329 1474 2372 singulis.

893 2397 900 2404 .
927 2373 1053 2405 Tremit
1078 2377 1148 2407 tota
1174 2375 1301 2418 civitas,

929 2421 1046 2463 sicque
1075 2422 1197 2457 Christi
1226 2424 1331 2458 deitas

977 2471 1088 2504 Scitur
1113 2481 1151 2505 ex
1179 2474 1360 2510 miraculis,
