1650 2727
665 155 934 191 —149—

160 254 193 287 3.
223 254 365 295 Propter
389 253 488 286 fidem
510 253 658 286 sedulam

269 301 354 336 Suae
379 301 529 336 caritatis

217 352 315 393 Quasi
344 350 420 384 bina
445 351 516 383 lilia

269 400 411 433 Odorem
439 399 519 432 dant
546 400 728 435 suavitatis

160 518 194 552 4.
222 518 404 551 Benedicat
430 521 519 550 terra
546 518 661 557 Deum,

269 567 357 606 Quae
383 569 430 600 sic
454 570 503 599 est
530 567 644 605 ditata,

221 616 314 658 Quod
341 619 504 648 tantarum
533 616 695 656 virginum

272 664 432 698 Membris
459 669 510 697 est
537 665 686 697 lustrata.

160 785 193 816 5.
221 781 391 822 Virginum
418 782 610 823 corporibus

271 831 404 863 nimium
433 831 573 864 exsultat

929 253 1096 288 Comensis
1124 253 1263 285 ecclesia

976 305 1110 342 totaque
1135 303 1284 335 resultat.

963 411 1009 443 In
1046 411 1079 442 2.
1115 409 1340 449 Vesperis.

1029 466 1075 494 Ad
1096 466 1280 502 Magnificat.

857 537 899 570 A.
928 536 1075 577 Sponsae
1102 535 1225 569 Christi
1254 535 1444 568 carissimae

929 584 1056 626 Spretis
1083 584 1196 616 mundi
1225 583 1392 617 illecebris

933 634 1002 666 Piis
1028 634 1189 667 vacabant
1216 633 1346 674 studiis,

929 683 979 715 De
1006 684 1153 722 corporis
1183 682 1348 723 ergastulo

925 732 1161 774 Ergredientes
1189 732 1293 763 libere

928 781 1041 822 Regna
1067 784 1179 813 tenent
1207 781 1384 821 caelestia,

929 830 1046 863 Cuncti
1074 830 1199 869 fideles,
1228 829 1387 870 plaudite.

200 910 289 937 Brev.
315 917 374 937 sec.
399 909 490 936 ritum
516 908 747 944 patriarchalem
771 908 927 936 Comensis
948 907 1092 935 ecclesiae
1115 909 1186 943 imp.
1210 908 1294 935 Comi
1314 906 1478 938 (Gotartlus

124 949 160 977 de
182 948 288 982 Ponte)
317 946 391 976 1519
420 951 449 974 et
481 945 563 974 1523.
595 962 629 966 —-
653 948 694 976 In
725 946 748 975 1,
776 948 882 975 Noct.
907 944 934 974 R
956 946 974 975 3
997 947 1161 982 prosaisch.
1184 961 1222 966 —
1245 946 1285 973 In
1314 944 1338 972 2.
1372 947 1477 974 Noct.

130 986 160 1016 R
183 985 201 1015 3
222 987 387 1024 prosaisch.
410 1001 446 1006 -—
469 987 509 1014 In
540 987 651 1015 Laud.
673 987 719 1014 Ad
740 986 813 1015 Ben.
836 985 861 1014 A
884 986 1032 1023 prosaich.

527 1111 577 1142 59.
621 1110 663 1142 De
684 1118 709 1142 s.
732 1111 828 1142 Lucia
850 1110 1070 1142 Salernitana.

274 1194 317 1226 In
344 1194 375 1226 1.
404 1193 628 1234 Vesperi&

344 1280 546 1318 Antiphonae.

167 1382 197 1415 1.
226 1381 292 1413 Iam
305 1380 471 1421 splendor,
483 1380 768 1421 lumenluminum‚

272 1428 342 1472 [In]
369 1429 519 1462 Ecclesia
546 1430 671 1469 micuit,

318 1479 400 1510 Nam
420 1479 485 1521 lux,
513 1487 595 1518 quae
615 1477 768 1518 radiavit,

219 1527 332 1567 Lucia,
360 1536 493 1560 consors
519 1527 693 1569 virginum,

270 1575 403 1609 Candor
430 1576 511 1608 lucis
539 1577 703 1619 apparuit,

317 1625 371 1659 Ad
400 1626 507 1659 caelos
534 1625 686 1658 evolavit.

169 1726 202 1758 2.
231 1723 328 1757 Cuius
354 1723 503 1764 perfecta
529 1724 684 1757 sanctitas

270 1773 334 1806 Per
352 1774 506 1805 mundum
524 1773 616 1805 duxit
631 1773 765 1815 rivulos,

317 1822 377 1864 Qui
389 1824 580 1861 scaturiunt,
595 1832 764 1865 aquarum,

221 1871 320 1904 Istius
348 1869 446 1904 fontis
473 1871 607 1904 claritas

264 1922 418 1956 Sororum
446 1921 549 1954 traxit
575 1922 729 1956 ramulos,

310 1970 365 2004 Ad
391 1973 528 2003 matrem
555 1970 707 2005 filiarum.

153 2070 186 2103 3.
216 2069 308 2103 Haec
334 2069 425 2111 virgo
449 2079 607 2111 spernens
625 2070 763 2112 gloriam

215 2119 266 2152 De
291 2119 412 2152 mundo
440 2117 505 2152 fert
534 2119 704 2152 victoriam

268 2169 305 2202 In
333 2168 449 2202 ordine
473 2169 650 2212 Minoum,

216 2217 367 2260 Dumque
394 2217 562 2251 Francisci
591 2219 702 2252 studia

219 2267 382 2309 Sectatnr‚
410 2270 459 2301 est
484 2269 517 2301 in
545 2268 649 2309 gratia

266 2317 361 2351 More
387 2322 517 2360 patrum
545 2318 702 2359 priorum.

153 2417 187 2453 4.
214 2415 317 2450 Lucia
345 2417 466 2450 docens
491 2415 589 2459 filias,

211 2465 312 2500 Cuius
339 2469 387 2499 est
414 2466 456 2500 ad
484 2464 674 2499 iuvenculas

261 2515 421 2550 Caelestis
448 2514 635 2558 disciplina,

930 1193 1045 1226 Crucis
1073 1192 1198 1224 Christi
1225 1192 1364 1225 delicias

930 1241 1089 1274 Informat
1118 1242 1198 1274 haec
1225 1242 1365 1274 novitias

977 1290 1149 1331 Exemplis
1177 1295 1207 1322 et
1237 1291 1396 1325 doctrina.

869 1372 900 1402 5.
929 1369 1030 1409 Virgo
1058 1370 1170 1407 Lucia,
1198 1370 1352 1411 gaudeas,

928 1418 965 1450 In
993 1417 1090 1451 laude
1117 1428 1248 1458 semper
1275 1418 1392 1451 floreas

975 1467 1468 1511 AdChristumperducflorem‚

928 1516 966 1548 In
994 1518 1087 1548 annis
1114 1516 1318 1557 puellaribus

926 1564 1165 1598 Delectamenti
1193 1565 1319 1598 facibus

976 1612 1106 1655 Spretis
1129 1625 1210 1656 quae
1239 1615 1297 1647 das
1325 1617 1471 1649 odorem.

1025 1713 1069 1740 Ad
1092 1712 1276 1749 Magnificat.

858 1775 899 1807 A.
928 1774 954 1806 Ο
982 1774 1091 1814 proles
1119 1772 1288 1811 nobilium,

926 1823 952 1856 Ο
980 1822 1083 1863 virgo,
1111 1823 1289 1863 splendens
1316 1822 1430 1864 lilium,

975 1872 1027 1905 Ex
1056 1877 1087 1904 te
1112 1872 1202 1904 sidus
1231 1871 1359 1905 claruit,

1021 1921 1114 1960 Quod
1142 1930 1201 1953 nos
1227 1920 1417 1963 illustravit,

925 1970 1067 2004 Castitas
1095 1980 1155 2011 per
1180 1970 1322 2009 saecula,

924 2020 1104 2061 Refulgens
1132 2020 1256 2053 Christi
1286 2021 1433 2058 vernula,

972 2070 1075 2102 Lucia
1103 2070 1157 2102 lux
1186 2069 1309 2107 micuit,

1021 2120 1109 2160 Quae
1137 2128 1264 2151 crucem
1293 2119 1425 2151 amavit.

923 2168 961 2201 In
987 2173 1019 2200 te
1048 2178 1122 2201 rosa
1148 2169 1274 2206 rutilat,

923 2219 961 2252 In
990 2223 1021 2249 te
1049 2217 1202 2250 fructifer
1228 2217 1369 2258 pullulat

972 2267 1194 2307 Requiescens
1222 2267 1370 2308 spiritus,

1019 2316 1135 2348 Dulcis
1163 2316 1211 2349 vis
1238 2316 1387 2356 odorum,

923 2365 1022 2398 Cuius
1048 2366 1154 2407 replet
1181 2365 1339 2397 sanctitas

922 2414 1060 2448 Sorores
1087 2415 1219 2447 Christo
1247 2414 1388 2455 deditas,

972 2465 1036 2498 Per
1062 2469 1094 2497 te
1120 2464 1215 2497 nobis
1243 2463 1353 2496 aditus

1022 2514 1139 2546 Pateat
1165 2513 1325 2555 polorum.
